[{"e":"trade","E":1649877625157,"s":"ALPINEBTC","t":1264398,"p":"0.00014408","q":"0.72000000","b":25029741,"a":25029896,"T":1649877625157,"m":true,"M":true},{"e":"trade","E":1649877625173,"s":"ALPINEBTC","t":1264399,"p":"0.00014408","q":"0.81000000","b":25029741,"a":25029897,"T":1649877625172,"m":true,"M":true},{"e":"trade","E":1649877625173,"s":"ALPINEBTC","t":1264400,"p":"0.00014408","q":"1.53000000","b":25029741,"a":25029897,"T":1649877625172,"m":true,"M":true},{"e":"trade","E":1649877625173,"s":"ALPINEBTC","t":1264401,"p":"0.00014408","q":"1.53000000","b":25029741,"a":25029897,"T":1649877625172,"m":true,"M":true},{"e":"trade","E":1649877625173,"s":"ALPINEBTC","t":1264402,"p":"0.00014408","q":"1.53000000","b":25029741,"a":25029897,"T":1649877625172,"m":true,"M":true},{"e":"trade","E":1649877625173,"s":"ALPINEBTC","t":1264403,"p":"0.00014408","q":"1.53000000","b":25029741,"a":25029897,"T":1649877625172,"m":true,"M":true},{"e":"trade","E":1649877625173,"s":"ALPINEBTC","t":1264404,"p":"0.00014408","q":"1.53000000","b":25029741,"a":25029897,"T":1649877625172,"m":true,"M":true},{"e":"trade","E":1649877625173,"s":"ALPINEBTC","t":1264405,"p":"0.00014408","q":"1.49000000","b":25029741,"a":25029897,"T":1649877625172,"m":true,"M":true},{"e":"trade","E":1649877625173,"s":"ALPINEBTC","t":1264406,"p":"0.00014406","q":"3.78000000","b":25024580,"a":25029897,"T":1649877625172,"m":true,"M":true},{"e":"trade","E":1649877625173,"s":"ALPINEBTC","t":1264407,"p":"0.00014405","q":"10.69000000","b":25020404,"a":25029897,"T":1649877625172,"m":true,"M":true},{"e":"trade","E":1649877626991,"s":"ALPINEBTC","t":1264408,"p":"0.00014405","q":"13.73000000","b":25020404,"a":25029904,"T":1649877626990,"m":true,"M":true},{"e":"trade","E":1649877626991,"s":"ALPINEBTC","t":1264409,"p":"0.00014404","q":"1.38000000","b":25020912,"a":25029904,"T":1649877626990,"m":true,"M":true},{"e":"trade","E":1649877626991,"s":"ALPINEBTC","t":1264410,"p":"0.00014402","q":"1.40000000","b":25020399,"a":25029904,"T":1649877626990,"m":true,"M":true},{"e":"trade","E":1649877626991,"s":"ALPINEBTC","t":1264411,"p":"0.00014401","q":"1.54000000","b":25020397,"a":25029904,"T":1649877626990,"m":true,"M":true},{"e":"trade","E":1649877626991,"s":"ALPINEBTC","t":1264412,"p":"0.00014401","q":"4.20000000","b":25024967,"a":25029904,"T":1649877626990,"m":true,"M":true},{"e":"trade","E":1649877626991,"s":"ALPINEBTC","t":1264413,"p":"0.00014400","q":"0.70000000","b":25022685,"a":25029904,"T":1649877626990,"m":true,"M":true},{"e":"trade","E":1649877626991,"s":"ALPINEBTC","t":1264414,"p":"0.00014399","q":"1.39000000","b":25019449,"a":25029904,"T":1649877626990,"m":true,"M":true},{"e":"trade","E":1649877626991,"s":"ALPINEBTC","t":1264415,"p":"0.00014399","q":"6.97000000","b":25029880,"a":25029904,"T":1649877626990,"m":true,"M":true},{"e":"trade","E":1649877627001,"s":"ALPINEBTC","t":1264416,"p":"0.00014397","q":"1.68000000","b":25020405,"a":25029912,"T":1649877627001,"m":true,"M":true},{"e":"trade","E":1649877627004,"s":"ALPINEBTC","t":1264417,"p":"0.00014396","q":"2.05000000","b":25019442,"a":25029914,"T":1649877627003,"m":true,"M":true},{"e":"trade","E":1649877627004,"s":"ALPINEBTC","t":1264418,"p":"0.00014395","q":"2.39000000","b":25020540,"a":25029915,"T":1649877627003,"m":true,"M":true},{"e":"trade","E":1649877627131,"s":"ALPINEBTC","t":1264419,"p":"0.00014391","q":"45.04000000","b":25029841,"a":25029923,"T":1649877627131,"m":true,"M":true},{"e":"trade","E":1649877627132,"s":"ALPINEBTC","t":1264420,"p":"0.00014391","q":"1.71000000","b":25029841,"a":25029924,"T":1649877627131,"m":true,"M":true},{"e":"trade","E":1649877627135,"s":"ALPINEBTC","t":1264421,"p":"0.00014391","q":"0.83000000","b":25029841,"a":25029925,"T":1649877627134,"m":true,"M":true},{"e":"trade","E":1649877656237,"s":"ALPINEBTC","t":1264422,"p":"0.00014399","q":"31.18000000","b":25030028,"a":25030035,"T":1649877656236,"m":true,"M":true},{"e":"trade","E":1649877664604,"s":"ALPINEBTC","t":1264423,"p":"0.00014411","q":"38.18000000","b":25030062,"a":25029978,"T":1649877664604,"m":false,"M":true},{"e":"trade","E":1649877664720,"s":"ALPINEBTC","t":1264424,"p":"0.00014412","q":"4.13000000","b":25030064,"a":25029957,"T":1649877664719,"m":false,"M":true},{"e":"trade","E":1649877664786,"s":"ALPINEBTC","t":1264425,"p":"0.00014412","q":"4.13000000","b":25030067,"a":25030066,"T":1649877664785,"m":false,"M":true},{"e":"trade","E":1649877675269,"s":"ALPINEBTC","t":1264426,"p":"0.00014415","q":"46.00000000","b":25030124,"a":25030106,"T":1649877675268,"m":false,"M":true},{"e":"trade","E":1649877675304,"s":"ALPINEBTC","t":1264427,"p":"0.00014416","q":"19.56000000","b":25030127,"a":25030105,"T":1649877675304,"m":false,"M":true},{"e":"trade","E":1649877675417,"s":"ALPINEBTC","t":1264428,"p":"0.00014422","q":"38.15000000","b":25030130,"a":25030113,"T":1649877675416,"m":false,"M":true},{"e":"trade","E":1649877675420,"s":"ALPINEBTC","t":1264429,"p":"0.00014424","q":"47.58000000","b":25030132,"a":25030095,"T":1649877675420,"m":false,"M":true},{"e":"trade","E":1649877675431,"s":"ALPINEBTC","t":1264430,"p":"0.00014425","q":"8.39000000","b":25030136,"a":25030103,"T":1649877675430,"m":false,"M":true},{"e":"trade","E":1649877685621,"s":"ALPINEBTC","t":1264431,"p":"0.00014425","q":"46.00000000","b":25030196,"a":25030203,"T":1649877685620,"m":true,"M":true},{"e":"trade","E":1649877815242,"s":"ALPINEBTC","t":1264432,"p":"0.00014415","q":"47.58000000","b":25030187,"a":25030340,"T":1649877815241,"m":true,"M":true},{"e":"trade","E":1649877843844,"s":"ALPINEBTC","t":1264433,"p":"0.00014430","q":"47.58000000","b":25030416,"a":25030352,"T":1649877843843,"m":false,"M":true},{"e":"trade","E":1649877843854,"s":"ALPINEBTC","t":1264434,"p":"0.00014433","q":"38.12000000","b":25030417,"a":25030364,"T":1649877843853,"m":false,"M":true},{"e":"trade","E":1649877902932,"s":"ALPINEBTC","t":1264435,"p":"0.00014424","q":"47.58000000","b":25030456,"a":25030528,"T":1649877902931,"m":true,"M":true},{"e":"trade","E":1649877920759,"s":"ALPINEBTC","t":1264436,"p":"0.00014411","q":"46.00000000","b":25030541,"a":25030579,"T":1649877920759,"m":true,"M":true},{"e":"trade","E":1649877948150,"s":"ALPINEBTC","t":1264437,"p":"0.00014423","q":"0.73000000","b":25030656,"a":25030653,"T":1649877948149,"m":false,"M":true},{"e":"trade","E":1649877949152,"s":"ALPINEBTC","t":1264438,"p":"0.00014423","q":"0.21000000","b":25030659,"a":25030653,"T":1649877949152,"m":false,"M":true},{"e":"trade","E":1649877977150,"s":"ALPINEBTC","t":1264439,"p":"0.00014415","q":"46.00000000","b":25030701,"a":25030702,"T":1649877977149,"m":true,"M":true},{"e":"trade","E":1649877991277,"s":"ALPINEBTC","t":1264440,"p":"0.00014401","q":"47.58000000","b":25030595,"a":25030750,"T":1649877991276,"m":true,"M":true},{"e":"trade","E":1649877993866,"s":"ALPINEBTC","t":1264441,"p":"0.00014390","q":"1.71000000","b":25020509,"a":25030781,"T":1649877993866,"m":true,"M":true},{"e":"trade","E":1649877993866,"s":"ALPINEBTC","t":1264442,"p":"0.00014389","q":"25.37000000","b":25022895,"a":25030781,"T":1649877993866,"m":true,"M":true},{"e":"trade","E":1649878001528,"s":"ALPINEBTC","t":1264443,"p":"0.00014390","q":"5.31000000","b":25030801,"a":25030802,"T":1649878001528,"m":true,"M":true},{"e":"trade","E":1649878027689,"s":"ALPINEBTC","t":1264444,"p":"0.00014389","q":"17.96000000","b":25022895,"a":25030828,"T":1649878027688,"m":true,"M":true},{"e":"trade","E":1649878027697,"s":"ALPINEBTC","t":1264445,"p":"0.00014387","q":"2.24000000","b":25019446,"a":25030829,"T":1649878027696,"m":true,"M":true},{"e":"trade","E":1649878027721,"s":"ALPINEBTC","t":1264446,"p":"0.00014386","q":"47.58000000","b":25030764,"a":25030832,"T":1649878027720,"m":true,"M":true},{"e":"trade","E":1649878027728,"s":"ALPINEBTC","t":1264447,"p":"0.00014383","q":"1.78000000","b":25027836,"a":25030833,"T":1649878027728,"m":true,"M":true},{"e":"trade","E":1649878055529,"s":"ALPINEBTC","t":1264448,"p":"0.00014402","q":"40.00000000","b":25030924,"a":25030885,"T":1649878055528,"m":false,"M":true},{"e":"trade","E":1649878059683,"s":"ALPINEBTC","t":1264449,"p":"0.00014406","q":"11.31000000","b":25030937,"a":25030849,"T":1649878059682,"m":false,"M":true},{"e":"trade","E":1649878061291,"s":"ALPINEBTC","t":1264450,"p":"0.00014409","q":"38.19000000","b":25030945,"a":25030881,"T":1649878061290,"m":false,"M":true},{"e":"trade","E":1649878061291,"s":"ALPINEBTC","t":1264451,"p":"0.00014409","q":"47.58000000","b":25030945,"a":25030942,"T":1649878061290,"m":false,"M":true},{"e":"trade","E":1649878061332,"s":"ALPINEBTC","t":1264452,"p":"0.00014410","q":"4.20000000","b":25030946,"a":25030861,"T":1649878061331,"m":false,"M":true},{"e":"trade","E":1649878102818,"s":"ALPINEBTC","t":1264453,"p":"0.00014419","q":"46.00000000","b":25031049,"a":25031012,"T":1649878102817,"m":false,"M":true},{"e":"trade","E":1649878155138,"s":"ALPINEBTC","t":1264454,"p":"0.00014424","q":"47.58000000","b":25031110,"a":25030973,"T":1649878155137,"m":false,"M":true},{"e":"trade","E":1649878155240,"s":"ALPINEBTC","t":1264455,"p":"0.00014432","q":"38.12000000","b":25031120,"a":25030976,"T":1649878155240,"m":false,"M":true},{"e":"trade","E":1649878155240,"s":"ALPINEBTC","t":1264456,"p":"0.00014433","q":"4.13000000","b":25031120,"a":25030970,"T":1649878155240,"m":false,"M":true},{"e":"trade","E":1649878155508,"s":"ALPINEBTC","t":1264457,"p":"0.00014433","q":"4.13000000","b":25031128,"a":25031126,"T":1649878155507,"m":false,"M":true},{"e":"trade","E":1649878155649,"s":"ALPINEBTC","t":1264458,"p":"0.00014452","q":"17.72000000","b":25031133,"a":25031129,"T":1649878155648,"m":false,"M":true},{"e":"trade","E":1649878155649,"s":"ALPINEBTC","t":1264459,"p":"0.00014452","q":"47.58000000","b":25031133,"a":25031131,"T":1649878155648,"m":false,"M":true},{"e":"trade","E":1649878155649,"s":"ALPINEBTC","t":1264460,"p":"0.00014454","q":"122.69000000","b":25031133,"a":25030962,"T":1649878155648,"m":false,"M":true},{"e":"trade","E":1649878155649,"s":"ALPINEBTC","t":1264461,"p":"0.00014455","q":"22.13000000","b":25031133,"a":25031122,"T":1649878155648,"m":false,"M":true},{"e":"trade","E":1649878155649,"s":"ALPINEBTC","t":1264462,"p":"0.00014462","q":"2.24000000","b":25031133,"a":25030878,"T":1649878155648,"m":false,"M":true},{"e":"trade","E":1649878158130,"s":"ALPINEBTC","t":1264463,"p":"0.00014458","q":"1.77000000","b":25031236,"a":25031238,"T":1649878158129,"m":true,"M":true},{"e":"trade","E":1649878158393,"s":"ALPINEBTC","t":1264464,"p":"0.00014466","q":"46.00000000","b":25031253,"a":25031257,"T":1649878158392,"m":true,"M":true},{"e":"trade","E":1649878158404,"s":"ALPINEBTC","t":1264465,"p":"0.00014465","q":"22.48000000","b":25031250,"a":25031258,"T":1649878158403,"m":true,"M":true},{"e":"trade","E":1649878158412,"s":"ALPINEBTC","t":1264466,"p":"0.00014467","q":"46.00000000","b":25031259,"a":25031260,"T":1649878158411,"m":true,"M":true},{"e":"trade","E":1649878158428,"s":"ALPINEBTC","t":1264467,"p":"0.00014468","q":"22.49000000","b":25031261,"a":25031264,"T":1649878158428,"m":true,"M":true},{"e":"trade","E":1649878158437,"s":"ALPINEBTC","t":1264468,"p":"0.00014468","q":"46.00000000","b":25031262,"a":25031265,"T":1649878158436,"m":true,"M":true},{"e":"trade","E":1649878158459,"s":"ALPINEBTC","t":1264469,"p":"0.00014469","q":"46.00000000","b":25031266,"a":25031267,"T":1649878158458,"m":true,"M":true},{"e":"trade","E":1649878158475,"s":"ALPINEBTC","t":1264470,"p":"0.00014470","q":"46.00000000","b":25031268,"a":25031270,"T":1649878158474,"m":true,"M":true},{"e":"trade","E":1649878158478,"s":"ALPINEBTC","t":1264471,"p":"0.00014461","q":"35.19000000","b":25031254,"a":25031271,"T":1649878158478,"m":true,"M":true},{"e":"trade","E":1649878158491,"s":"ALPINEBTC","t":1264472,"p":"0.00014462","q":"12.39000000","b":25031272,"a":25031273,"T":1649878158490,"m":true,"M":true},{"e":"trade","E":1649878158499,"s":"ALPINEBTC","t":1264473,"p":"0.00014462","q":"33.61000000","b":25031272,"a":25031274,"T":1649878158498,"m":true,"M":true},{"e":"trade","E":1649878158571,"s":"ALPINEBTC","t":1264474,"p":"0.00014463","q":"46.00000000","b":25031276,"a":25031281,"T":1649878158570,"m":true,"M":true},{"e":"trade","E":1649878172222,"s":"ALPINEBTC","t":1264475,"p":"0.00014454","q":"42.89000000","b":25031306,"a":25031338,"T":1649878172221,"m":true,"M":true},{"e":"trade","E":1649878172222,"s":"ALPINEBTC","t":1264476,"p":"0.00014454","q":"47.58000000","b":25031314,"a":25031338,"T":1649878172221,"m":true,"M":true},{"e":"trade","E":1649878187476,"s":"ALPINEBTC","t":1264477,"p":"0.00014437","q":"40.52000000","b":25031396,"a":25031399,"T":1649878187475,"m":true,"M":true},{"e":"trade","E":1649878187486,"s":"ALPINEBTC","t":1264478,"p":"0.00014436","q":"47.58000000","b":25031348,"a":25031401,"T":1649878187485,"m":true,"M":true},{"e":"trade","E":1649878187554,"s":"ALPINEBTC","t":1264479,"p":"0.00014427","q":"32.00000000","b":25031369,"a":25031407,"T":1649878187554,"m":true,"M":true},{"e":"trade","E":1649878187580,"s":"ALPINEBTC","t":1264480,"p":"0.00014424","q":"43.54000000","b":25031357,"a":25031411,"T":1649878187580,"m":true,"M":true},{"e":"trade","E":1649878188995,"s":"ALPINEBTC","t":1264481,"p":"0.00014430","q":"46.00000000","b":25031482,"a":25031472,"T":1649878188994,"m":false,"M":true},{"e":"trade","E":1649878188995,"s":"ALPINEBTC","t":1264482,"p":"0.00014430","q":"47.58000000","b":25031482,"a":25031474,"T":1649878188994,"m":false,"M":true},{"e":"trade","E":1649878189006,"s":"ALPINEBTC","t":1264483,"p":"0.00014431","q":"17.01000000","b":25031485,"a":25031471,"T":1649878189005,"m":false,"M":true},{"e":"trade","E":1649878189064,"s":"ALPINEBTC","t":1264484,"p":"0.00014432","q":"46.00000000","b":25031492,"a":25031470,"T":1649878189063,"m":false,"M":true},{"e":"trade","E":1649878189072,"s":"ALPINEBTC","t":1264485,"p":"0.00014432","q":"19.25000000","b":25031492,"a":25031494,"T":1649878189071,"m":true,"M":true},{"e":"trade","E":1649878189074,"s":"ALPINEBTC","t":1264486,"p":"0.00014435","q":"17.20000000","b":25031495,"a":25031491,"T":1649878189073,"m":false,"M":true},{"e":"trade","E":1649878189210,"s":"ALPINEBTC","t":1264487,"p":"0.00014434","q":"27.31000000","b":25031507,"a":25031499,"T":1649878189210,"m":false,"M":true},{"e":"trade","E":1649878189329,"s":"ALPINEBTC","t":1264488,"p":"0.00014434","q":"18.69000000","b":25031512,"a":25031499,"T":1649878189328,"m":false,"M":true},{"e":"trade","E":1649878189329,"s":"ALPINEBTC","t":1264489,"p":"0.00014434","q":"47.58000000","b":25031512,"a":25031509,"T":1649878189328,"m":false,"M":true},{"e":"trade","E":1649878190213,"s":"ALPINEBTC","t":1264490,"p":"0.00014444","q":"4.15000000","b":25031554,"a":25031556,"T":1649878190212,"m":true,"M":true},{"e":"trade","E":1649878190523,"s":"ALPINEBTC","t":1264491,"p":"0.00014444","q":"4.15000000","b":25031554,"a":25031560,"T":1649878190522,"m":true,"M":true},{"e":"trade","E":1649878190839,"s":"ALPINEBTC","t":1264492,"p":"0.00014444","q":"4.15000000","b":25031554,"a":25031564,"T":1649878190838,"m":true,"M":true},{"e":"trade","E":1649878191150,"s":"ALPINEBTC","t":1264493,"p":"0.00014444","q":"4.15000000","b":25031554,"a":25031566,"T":1649878191149,"m":true,"M":true},{"e":"trade","E":1649878195038,"s":"ALPINEBTC","t":1264494,"p":"0.00014444","q":"25.25000000","b":25031554,"a":25031601,"T":1649878195038,"m":true,"M":true},{"e":"trade","E":1649878195111,"s":"ALPINEBTC","t":1264495,"p":"0.00014444","q":"4.15000000","b":25031554,"a":25031603,"T":1649878195111,"m":true,"M":true},{"e":"trade","E":1649878195111,"s":"ALPINEBTC","t":1264496,"p":"0.00014442","q":"46.00000000","b":25031551,"a":25031603,"T":1649878195111,"m":true,"M":true},{"e":"trade","E":1649878200185,"s":"ALPINEBTC","t":1264497,"p":"0.00014434","q":"47.58000000","b":25031592,"a":25031621,"T":1649878200184,"m":true,"M":true},{"e":"trade","E":1649878200185,"s":"ALPINEBTC","t":1264498,"p":"0.00014430","q":"16.75000000","b":25031614,"a":25031621,"T":1649878200184,"m":true,"M":true},{"e":"trade","E":1649878200185,"s":"ALPINEBTC","t":1264499,"p":"0.00014424","q":"32.00000000","b":25031595,"a":25031621,"T":1649878200184,"m":true,"M":true},{"e":"trade","E":1649878200185,"s":"ALPINEBTC","t":1264500,"p":"0.00014419","q":"7.67000000","b":25031587,"a":25031621,"T":1649878200184,"m":true,"M":true},{"e":"trade","E":1649878284331,"s":"ALPINEBTC","t":1264501,"p":"0.00014430","q":"38.52000000","b":25031842,"a":25031834,"T":1649878284330,"m":false,"M":true},{"e":"trade","E":1649878285520,"s":"ALPINEBTC","t":1264502,"p":"0.00014430","q":"7.48000000","b":25031845,"a":25031834,"T":1649878285520,"m":false,"M":true},{"e":"trade","E":1649878335703,"s":"ALPINEBTC","t":1264503,"p":"0.00014436","q":"40.94000000","b":25031917,"a":25031855,"T":1649878335702,"m":false,"M":true},{"e":"trade","E":1649878336378,"s":"ALPINEBTC","t":1264504,"p":"0.00014443","q":"38.10000000","b":25031938,"a":25031661,"T":1649878336378,"m":false,"M":true},{"e":"trade","E":1649878336847,"s":"ALPINEBTC","t":1264505,"p":"0.00014444","q":"4.13000000","b":25031950,"a":25031642,"T":1649878336847,"m":false,"M":true},{"e":"trade","E":1649878336847,"s":"ALPINEBTC","t":1264506,"p":"0.00014444","q":"26.49000000","b":25031950,"a":25031949,"T":1649878336847,"m":false,"M":true},{"e":"trade","E":1649878336858,"s":"ALPINEBTC","t":1264507,"p":"0.00014444","q":"21.09000000","b":25031952,"a":25031949,"T":1649878336858,"m":false,"M":true},{"e":"trade","E":1649878416720,"s":"ALPINEBTC","t":1264508,"p":"0.00014440","q":"31.95000000","b":25032119,"a":25032120,"T":1649878416719,"m":true,"M":true},{"e":"trade","E":1649878416732,"s":"ALPINEBTC","t":1264509,"p":"0.00014434","q":"47.58000000","b":25031997,"a":25032124,"T":1649878416731,"m":true,"M":true},{"e":"trade","E":1649878416807,"s":"ALPINEBTC","t":1264510,"p":"0.00014424","q":"32.00000000","b":25031999,"a":25032132,"T":1649878416807,"m":true,"M":true},{"e":"trade","E":1649878474389,"s":"ALPINEBTC","t":1264511,"p":"0.00014444","q":"13.07000000","b":25032314,"a":25032186,"T":1649878474389,"m":false,"M":true},{"e":"trade","E":1649878481182,"s":"ALPINEBTC","t":1264512,"p":"0.00014444","q":"3.91000000","b":25032325,"a":25032186,"T":1649878481181,"m":false,"M":true},{"e":"trade","E":1649878504781,"s":"ALPINEBTC","t":1264513,"p":"0.00014440","q":"40.00000000","b":25032367,"a":25032366,"T":1649878504780,"m":false,"M":true},{"e":"trade","E":1649878505632,"s":"ALPINEBTC","t":1264514,"p":"0.00014440","q":"6.00000000","b":25032375,"a":25032366,"T":1649878505630,"m":false,"M":true},{"e":"trade","E":1649878506129,"s":"ALPINEBTC","t":1264515,"p":"0.00014444","q":"46.00000000","b":25032386,"a":25032380,"T":1649878506128,"m":false,"M":true},{"e":"trade","E":1649878507345,"s":"ALPINEBTC","t":1264516,"p":"0.00014444","q":"46.00000000","b":25032394,"a":25032389,"T":1649878507344,"m":false,"M":true},{"e":"trade","E":1649878507345,"s":"ALPINEBTC","t":1264517,"p":"0.00014445","q":"38.09000000","b":25032394,"a":25032185,"T":1649878507344,"m":false,"M":true},{"e":"trade","E":1649878507411,"s":"ALPINEBTC","t":1264518,"p":"0.00014446","q":"8.27000000","b":25032398,"a":25032175,"T":1649878507410,"m":false,"M":true},{"e":"trade","E":1649878507699,"s":"ALPINEBTC","t":1264519,"p":"0.00014446","q":"8.27000000","b":25032403,"a":25032402,"T":1649878507699,"m":false,"M":true},{"e":"trade","E":1649878507822,"s":"ALPINEBTC","t":1264520,"p":"0.00014445","q":"46.00000000","b":25032408,"a":25032406,"T":1649878507821,"m":false,"M":true},{"e":"trade","E":1649878507822,"s":"ALPINEBTC","t":1264521,"p":"0.00014446","q":"1.58000000","b":25032408,"a":25032405,"T":1649878507821,"m":false,"M":true},{"e":"trade","E":1649878516845,"s":"ALPINEBTC","t":1264522,"p":"0.00014457","q":"0.23000000","b":25032442,"a":25032425,"T":1649878516844,"m":false,"M":true},{"e":"trade","E":1649878527637,"s":"ALPINEBTC","t":1264523,"p":"0.00014456","q":"1.24000000","b":25032466,"a":25032459,"T":1649878527637,"m":false,"M":true},{"e":"trade","E":1649878527675,"s":"ALPINEBTC","t":1264524,"p":"0.00014456","q":"35.40000000","b":25032468,"a":25032459,"T":1649878527674,"m":false,"M":true},{"e":"trade","E":1649878527707,"s":"ALPINEBTC","t":1264525,"p":"0.00014457","q":"38.06000000","b":25032471,"a":25032426,"T":1649878527706,"m":false,"M":true},{"e":"trade","E":1649878527707,"s":"ALPINEBTC","t":1264526,"p":"0.00014457","q":"6.07000000","b":25032471,"a":25032460,"T":1649878527706,"m":false,"M":true},{"e":"trade","E":1649878527726,"s":"ALPINEBTC","t":1264527,"p":"0.00014458","q":"8.22000000","b":25032474,"a":25032419,"T":1649878527726,"m":false,"M":true},{"e":"trade","E":1649878527726,"s":"ALPINEBTC","t":1264528,"p":"0.00014458","q":"47.58000000","b":25032474,"a":25032424,"T":1649878527726,"m":false,"M":true},{"e":"trade","E":1649878577490,"s":"ALPINEBTC","t":1264529,"p":"0.00014457","q":"3.92000000","b":25032564,"a":25032561,"T":1649878577489,"m":false,"M":true},{"e":"trade","E":1649878577497,"s":"ALPINEBTC","t":1264530,"p":"0.00014457","q":"21.80000000","b":25032566,"a":25032561,"T":1649878577497,"m":false,"M":true},{"e":"trade","E":1649878581517,"s":"ALPINEBTC","t":1264531,"p":"0.00014457","q":"3.92000000","b":25032577,"a":25032561,"T":1649878581451,"m":false,"M":true},{"e":"trade","E":1649878606265,"s":"ALPINEBTC","t":1264532,"p":"0.00014473","q":"2.05000000","b":25032626,"a":25029968,"T":1649878606264,"m":false,"M":true},{"e":"trade","E":1649878606265,"s":"ALPINEBTC","t":1264533,"p":"0.00014473","q":"36.29000000","b":25032626,"a":25032501,"T":1649878606264,"m":false,"M":true},{"e":"trade","E":1649878660883,"s":"ALPINEBTC","t":1264534,"p":"0.00014475","q":"1.39000000","b":25032757,"a":25029973,"T":1649878660883,"m":false,"M":true},{"e":"trade","E":1649878661295,"s":"ALPINEBTC","t":1264535,"p":"0.00014477","q":"1.54000000","b":25032758,"a":25029981,"T":1649878661294,"m":false,"M":true},{"e":"trade","E":1649878661295,"s":"ALPINEBTC","t":1264536,"p":"0.00014477","q":"21.48000000","b":25032758,"a":25032747,"T":1649878661294,"m":false,"M":true},{"e":"trade","E":1649878661349,"s":"ALPINEBTC","t":1264537,"p":"0.00014479","q":"46.98000000","b":25032763,"a":25032636,"T":1649878661348,"m":false,"M":true},{"e":"trade","E":1649878716251,"s":"ALPINEBTC","t":1264538,"p":"0.00014469","q":"20.86000000","b":25032809,"a":25032838,"T":1649878716251,"m":true,"M":true},{"e":"trade","E":1649878716268,"s":"ALPINEBTC","t":1264539,"p":"0.00014463","q":"4.39000000","b":25032781,"a":25032839,"T":1649878716268,"m":true,"M":true},{"e":"trade","E":1649878731449,"s":"ALPINEBTC","t":1264540,"p":"0.00014463","q":"47.58000000","b":25032841,"a":25032856,"T":1649878731448,"m":true,"M":true},{"e":"trade","E":1649878731464,"s":"ALPINEBTC","t":1264541,"p":"0.00014462","q":"32.00000000","b":25032790,"a":25032857,"T":1649878731463,"m":true,"M":true},{"e":"trade","E":1649878731464,"s":"ALPINEBTC","t":1264542,"p":"0.00014459","q":"43.26000000","b":25032777,"a":25032857,"T":1649878731463,"m":true,"M":true},{"e":"trade","E":1649878731691,"s":"ALPINEBTC","t":1264543,"p":"0.00014459","q":"43.26000000","b":25032875,"a":25032876,"T":1649878731690,"m":true,"M":true},{"e":"trade","E":1649878755731,"s":"ALPINEBTC","t":1264544,"p":"0.00014428","q":"28.64000000","b":25032902,"a":25032974,"T":1649878755730,"m":true,"M":true},{"e":"trade","E":1649878755743,"s":"ALPINEBTC","t":1264545,"p":"0.00014428","q":"18.17000000","b":25032902,"a":25032975,"T":1649878755742,"m":true,"M":true},{"e":"trade","E":1649878755743,"s":"ALPINEBTC","t":1264546,"p":"0.00014426","q":"47.58000000","b":25032922,"a":25032975,"T":1649878755742,"m":true,"M":true},{"e":"trade","E":1649878784030,"s":"ALPINEBTC","t":1264547,"p":"0.00014437","q":"46.00000000","b":25033083,"a":25033046,"T":1649878784029,"m":false,"M":true},{"e":"trade","E":1649878784046,"s":"ALPINEBTC","t":1264548,"p":"0.00014438","q":"38.11000000","b":25033085,"a":25033013,"T":1649878784045,"m":false,"M":true},{"e":"trade","E":1649878784056,"s":"ALPINEBTC","t":1264549,"p":"0.00014439","q":"4.16000000","b":25033087,"a":25032992,"T":1649878784056,"m":false,"M":true},{"e":"trade","E":1649878784375,"s":"ALPINEBTC","t":1264550,"p":"0.00014439","q":"4.16000000","b":25033096,"a":25033095,"T":1649878784375,"m":false,"M":true},{"e":"trade","E":1649878801225,"s":"ALPINEBTC","t":1264551,"p":"0.00014448","q":"34.87000000","b":25033150,"a":25033145,"T":1649878801224,"m":false,"M":true},{"e":"trade","E":1649878819577,"s":"ALPINEBTC","t":1264552,"p":"0.00014449","q":"38.08000000","b":25033166,"a":25033130,"T":1649878819576,"m":false,"M":true},{"e":"trade","E":1649878821492,"s":"ALPINEBTC","t":1264553,"p":"0.00014451","q":"4.12000000","b":25033177,"a":25033126,"T":1649878821492,"m":false,"M":true},{"e":"trade","E":1649878821492,"s":"ALPINEBTC","t":1264554,"p":"0.00014451","q":"34.63000000","b":25033177,"a":25033171,"T":1649878821492,"m":false,"M":true},{"e":"trade","E":1649878925984,"s":"ALPINEBTC","t":1264555,"p":"0.00014438","q":"41.94000000","b":25033365,"a":25033367,"T":1649878925984,"m":true,"M":true},{"e":"trade","E":1649878925984,"s":"ALPINEBTC","t":1264556,"p":"0.00014437","q":"47.58000000","b":25033200,"a":25033367,"T":1649878925984,"m":true,"M":true},{"e":"trade","E":1649878945146,"s":"ALPINEBTC","t":1264557,"p":"0.00014440","q":"0.20000000","b":25033443,"a":25033438,"T":1649878945145,"m":false,"M":true},{"e":"trade","E":1649878956991,"s":"ALPINEBTC","t":1264558,"p":"0.00014430","q":"18.06000000","b":25033479,"a":25033470,"T":1649878956991,"m":false,"M":true},{"e":"trade","E":1649878978256,"s":"ALPINEBTC","t":1264559,"p":"0.00014430","q":"9.88000000","b":25033503,"a":25033470,"T":1649878978256,"m":false,"M":true},{"e":"trade","E":1649879031114,"s":"ALPINEBTC","t":1264560,"p":"0.00014430","q":"26.67000000","b":25033630,"a":25033629,"T":1649879031113,"m":false,"M":true},{"e":"trade","E":1649879036622,"s":"ALPINEBTC","t":1264561,"p":"0.00014443","q":"46.00000000","b":25033655,"a":25033652,"T":1649879036621,"m":false,"M":true},{"e":"trade","E":1649879036622,"s":"ALPINEBTC","t":1264562,"p":"0.00014454","q":"20.81000000","b":25033655,"a":25033623,"T":1649879036621,"m":false,"M":true},{"e":"trade","E":1649879036909,"s":"ALPINEBTC","t":1264563,"p":"0.00014454","q":"27.10000000","b":25033695,"a":25033692,"T":1649879036908,"m":false,"M":true},{"e":"trade","E":1649879036909,"s":"ALPINEBTC","t":1264564,"p":"0.00014455","q":"25.49000000","b":25033696,"a":25033420,"T":1649879036909,"m":false,"M":true},{"e":"trade","E":1649879036910,"s":"ALPINEBTC","t":1264565,"p":"0.00014455","q":"12.57000000","b":25033697,"a":25033420,"T":1649879036909,"m":false,"M":true},{"e":"trade","E":1649879036919,"s":"ALPINEBTC","t":1264566,"p":"0.00014456","q":"26.20000000","b":25033698,"a":25033390,"T":1649879036918,"m":false,"M":true},{"e":"trade","E":1649879036921,"s":"ALPINEBTC","t":1264567,"p":"0.00014456","q":"21.38000000","b":25033699,"a":25033390,"T":1649879036921,"m":false,"M":true},{"e":"trade","E":1649879036921,"s":"ALPINEBTC","t":1264568,"p":"0.00014456","q":"4.11000000","b":25033699,"a":25033401,"T":1649879036921,"m":false,"M":true},{"e":"trade","E":1649879037196,"s":"ALPINEBTC","t":1264569,"p":"0.00014456","q":"4.11000000","b":25033724,"a":25033723,"T":1649879037195,"m":false,"M":true},{"e":"trade","E":1649879037365,"s":"ALPINEBTC","t":1264570,"p":"0.00014455","q":"0.94000000","b":25033741,"a":25033742,"T":1649879037365,"m":true,"M":true},{"e":"trade","E":1649879040312,"s":"ALPINEBTC","t":1264571,"p":"0.00014455","q":"45.06000000","b":25033741,"a":25033769,"T":1649879040312,"m":true,"M":true},{"e":"trade","E":1649879083884,"s":"ALPINEBTC","t":1264572,"p":"0.00014469","q":"20.87000000","b":25033862,"a":25033879,"T":1649879083883,"m":true,"M":true},{"e":"trade","E":1649879083884,"s":"ALPINEBTC","t":1264573,"p":"0.00014469","q":"46.00000000","b":25033863,"a":25033879,"T":1649879083883,"m":true,"M":true},{"e":"trade","E":1649879123993,"s":"ALPINEBTC","t":1264574,"p":"0.00014448","q":"47.58000000","b":25033758,"a":25033965,"T":1649879123989,"m":true,"M":true},{"e":"trade","E":1649879123996,"s":"ALPINEBTC","t":1264575,"p":"0.00014446","q":"25.76000000","b":25033963,"a":25033966,"T":1649879123993,"m":true,"M":true},{"e":"trade","E":1649879124050,"s":"ALPINEBTC","t":1264576,"p":"0.00014439","q":"32.00000000","b":25033779,"a":25033969,"T":1649879124049,"m":true,"M":true},{"e":"trade","E":1649879124093,"s":"ALPINEBTC","t":1264577,"p":"0.00014436","q":"33.94000000","b":25033973,"a":25033974,"T":1649879124092,"m":true,"M":true},{"e":"trade","E":1649879124093,"s":"ALPINEBTC","t":1264578,"p":"0.00014435","q":"10.61000000","b":25033748,"a":25033974,"T":1649879124092,"m":true,"M":true},{"e":"trade","E":1649879124403,"s":"ALPINEBTC","t":1264579,"p":"0.00014435","q":"10.61000000","b":25033748,"a":25033983,"T":1649879124403,"m":true,"M":true},{"e":"trade","E":1649879124477,"s":"ALPINEBTC","t":1264580,"p":"0.00014435","q":"11.08000000","b":25033748,"a":25033989,"T":1649879124476,"m":true,"M":true},{"e":"trade","E":1649879124480,"s":"ALPINEBTC","t":1264581,"p":"0.00014435","q":"12.25000000","b":25033748,"a":25033990,"T":1649879124479,"m":true,"M":true},{"e":"trade","E":1649879124480,"s":"ALPINEBTC","t":1264582,"p":"0.00014435","q":"10.61000000","b":25033979,"a":25033990,"T":1649879124479,"m":true,"M":true},{"e":"trade","E":1649879226259,"s":"ALPINEBTC","t":1264583,"p":"0.00014436","q":"46.00000000","b":25034180,"a":25034142,"T":1649879226258,"m":false,"M":true},{"e":"trade","E":1649879257124,"s":"ALPINEBTC","t":1264584,"p":"0.00014426","q":"46.00000000","b":25034257,"a":25034252,"T":1649879257124,"m":false,"M":true},{"e":"trade","E":1649879257124,"s":"ALPINEBTC","t":1264585,"p":"0.00014426","q":"2.54000000","b":25034257,"a":25034253,"T":1649879257124,"m":false,"M":true},{"e":"trade","E":1649879257192,"s":"ALPINEBTC","t":1264586,"p":"0.00014425","q":"32.07000000","b":25034260,"a":25034258,"T":1649879257191,"m":false,"M":true},{"e":"trade","E":1649879257229,"s":"ALPINEBTC","t":1264587,"p":"0.00014425","q":"13.93000000","b":25034261,"a":25034258,"T":1649879257228,"m":false,"M":true},{"e":"trade","E":1649879257259,"s":"ALPINEBTC","t":1264588,"p":"0.00014425","q":"14.58000000","b":25034266,"a":25034263,"T":1649879257259,"m":false,"M":true},{"e":"trade","E":1649879257292,"s":"ALPINEBTC","t":1264589,"p":"0.00014425","q":"11.79000000","b":25034269,"a":25034263,"T":1649879257291,"m":false,"M":true},{"e":"trade","E":1649879257433,"s":"ALPINEBTC","t":1264590,"p":"0.00014425","q":"19.63000000","b":25034272,"a":25034263,"T":1649879257432,"m":false,"M":true},{"e":"trade","E":1649879257433,"s":"ALPINEBTC","t":1264591,"p":"0.00014425","q":"17.08000000","b":25034272,"a":25034268,"T":1649879257432,"m":false,"M":true},{"e":"trade","E":1649879384032,"s":"ALPINEBTC","t":1264592,"p":"0.00014447","q":"38.09000000","b":25034518,"a":25034047,"T":1649879384031,"m":false,"M":true},{"e":"trade","E":1649879384043,"s":"ALPINEBTC","t":1264593,"p":"0.00014449","q":"47.58000000","b":25034520,"a":25034041,"T":1649879384042,"m":false,"M":true},{"e":"trade","E":1649879384166,"s":"ALPINEBTC","t":1264594,"p":"0.00014456","q":"4.13000000","b":25034528,"a":25034030,"T":1649879384165,"m":false,"M":true},{"e":"trade","E":1649879384311,"s":"ALPINEBTC","t":1264595,"p":"0.00014456","q":"4.13000000","b":25034536,"a":25034534,"T":1649879384310,"m":false,"M":true},{"e":"trade","E":1649879394570,"s":"ALPINEBTC","t":1264596,"p":"0.00014469","q":"0.24000000","b":25034594,"a":25034554,"T":1649879394569,"m":false,"M":true},{"e":"trade","E":1649879395652,"s":"ALPINEBTC","t":1264597,"p":"0.00014469","q":"27.39000000","b":25034607,"a":25034554,"T":1649879395651,"m":false,"M":true},{"e":"trade","E":1649879395652,"s":"ALPINEBTC","t":1264598,"p":"0.00014469","q":"18.89000000","b":25034607,"a":25034567,"T":1649879395651,"m":false,"M":true},{"e":"trade","E":1649879395652,"s":"ALPINEBTC","t":1264599,"p":"0.00014469","q":"28.69000000","b":25034608,"a":25034567,"T":1649879395651,"m":false,"M":true},{"e":"trade","E":1649879395652,"s":"ALPINEBTC","t":1264600,"p":"0.00014470","q":"17.59000000","b":25034608,"a":25034569,"T":1649879395651,"m":false,"M":true},{"e":"trade","E":1649879395664,"s":"ALPINEBTC","t":1264601,"p":"0.00014470","q":"20.44000000","b":25034613,"a":25034569,"T":1649879395663,"m":false,"M":true},{"e":"trade","E":1649879395671,"s":"ALPINEBTC","t":1264602,"p":"0.00014472","q":"8.25000000","b":25034615,"a":25034564,"T":1649879395670,"m":false,"M":true},{"e":"trade","E":1649879395678,"s":"ALPINEBTC","t":1264603,"p":"0.00014480","q":"18.70000000","b":25034617,"a":25034603,"T":1649879395677,"m":false,"M":true},{"e":"trade","E":1649879395843,"s":"ALPINEBTC","t":1264604,"p":"0.00014487","q":"1.40000000","b":25034632,"a":25029982,"T":1649879395842,"m":false,"M":true},{"e":"trade","E":1649879395846,"s":"ALPINEBTC","t":1264605,"p":"0.00014487","q":"1.40000000","b":25034633,"a":25029982,"T":1649879395845,"m":false,"M":true},{"e":"trade","E":1649879395846,"s":"ALPINEBTC","t":1264606,"p":"0.00014487","q":"21.62000000","b":25034634,"a":25029982,"T":1649879395845,"m":false,"M":true},{"e":"trade","E":1649879395859,"s":"ALPINEBTC","t":1264607,"p":"0.00014488","q":"1.40000000","b":25034635,"a":25029974,"T":1649879395858,"m":false,"M":true},{"e":"trade","E":1649879399474,"s":"ALPINEBTC","t":1264608,"p":"0.00014488","q":"27.74000000","b":25034675,"a":25034669,"T":1649879399473,"m":false,"M":true},{"e":"trade","E":1649879399483,"s":"ALPINEBTC","t":1264609,"p":"0.00014489","q":"11.02000000","b":25034677,"a":25034667,"T":1649879399482,"m":false,"M":true},{"e":"trade","E":1649879400467,"s":"ALPINEBTC","t":1264610,"p":"0.00014490","q":"1.68000000","b":25034685,"a":25029971,"T":1649879400462,"m":false,"M":true},{"e":"trade","E":1649879400467,"s":"ALPINEBTC","t":1264611,"p":"0.00014490","q":"39.58000000","b":25034685,"a":25034679,"T":1649879400462,"m":false,"M":true},{"e":"trade","E":1649879400468,"s":"ALPINEBTC","t":1264612,"p":"0.00014490","q":"8.00000000","b":25034686,"a":25034679,"T":1649879400463,"m":false,"M":true},{"e":"trade","E":1649879400468,"s":"ALPINEBTC","t":1264613,"p":"0.00014491","q":"8.34000000","b":25034686,"a":25028983,"T":1649879400463,"m":false,"M":true},{"e":"trade","E":1649879400468,"s":"ALPINEBTC","t":1264614,"p":"0.00014492","q":"37.97000000","b":25034686,"a":25034673,"T":1649879400463,"m":false,"M":true},{"e":"trade","E":1649879400468,"s":"ALPINEBTC","t":1264615,"p":"0.00014494","q":"8.39000000","b":25034686,"a":25034666,"T":1649879400463,"m":false,"M":true},{"e":"trade","E":1649879400545,"s":"ALPINEBTC","t":1264616,"p":"0.00014505","q":"1.71000000","b":25034690,"a":25030800,"T":1649879400544,"m":false,"M":true},{"e":"trade","E":1649879400656,"s":"ALPINEBTC","t":1264617,"p":"0.00014507","q":"2.39000000","b":25034692,"a":25029980,"T":1649879400655,"m":false,"M":true},{"e":"trade","E":1649879400836,"s":"ALPINEBTC","t":1264618,"p":"0.00014494","q":"8.39000000","b":25034700,"a":25034699,"T":1649879400836,"m":false,"M":true},{"e":"trade","E":1649879400891,"s":"ALPINEBTC","t":1264619,"p":"0.00014494","q":"8.39000000","b":25034702,"a":25034701,"T":1649879400891,"m":false,"M":true},{"e":"trade","E":1649879401206,"s":"ALPINEBTC","t":1264620,"p":"0.00014494","q":"8.39000000","b":25034719,"a":25034718,"T":1649879401205,"m":false,"M":true},{"e":"trade","E":1649879401945,"s":"ALPINEBTC","t":1264621,"p":"0.00014507","q":"37.02000000","b":25034758,"a":25034759,"T":1649879401944,"m":true,"M":true},{"e":"trade","E":1649879401945,"s":"ALPINEBTC","t":1264622,"p":"0.00014506","q":"8.98000000","b":25034757,"a":25034759,"T":1649879401944,"m":true,"M":true},{"e":"trade","E":1649879401962,"s":"ALPINEBTC","t":1264623,"p":"0.00014508","q":"37.02000000","b":25034761,"a":25034764,"T":1649879401962,"m":true,"M":true},{"e":"trade","E":1649879401963,"s":"ALPINEBTC","t":1264624,"p":"0.00014508","q":"8.98000000","b":25034761,"a":25034765,"T":1649879401963,"m":true,"M":true},{"e":"trade","E":1649879401973,"s":"ALPINEBTC","t":1264625,"p":"0.00014507","q":"37.02000000","b":25034767,"a":25034770,"T":1649879401973,"m":true,"M":true},{"e":"trade","E":1649879401994,"s":"ALPINEBTC","t":1264626,"p":"0.00014508","q":"46.00000000","b":25034776,"a":25034778,"T":1649879401993,"m":true,"M":true},{"e":"trade","E":1649879402004,"s":"ALPINEBTC","t":1264627,"p":"0.00014496","q":"46.00000000","b":25034772,"a":25034782,"T":1649879402003,"m":true,"M":true},{"e":"trade","E":1649879404964,"s":"ALPINEBTC","t":1264628,"p":"0.00014489","q":"47.58000000","b":25034800,"a":25034810,"T":1649879404964,"m":true,"M":true},{"e":"trade","E":1649879405061,"s":"ALPINEBTC","t":1264629,"p":"0.00014484","q":"32.00000000","b":25034817,"a":25034820,"T":1649879405060,"m":true,"M":true},{"e":"trade","E":1649879438813,"s":"ALPINEBTC","t":1264630,"p":"0.00014490","q":"37.97000000","b":25035047,"a":25034929,"T":1649879438813,"m":false,"M":true},{"e":"trade","E":1649879438824,"s":"ALPINEBTC","t":1264631,"p":"0.00014491","q":"4.15000000","b":25035048,"a":25034915,"T":1649879438824,"m":false,"M":true},{"e":"trade","E":1649879483011,"s":"ALPINEBTC","t":1264632,"p":"0.00014493","q":"6.90000000","b":25035107,"a":25035125,"T":1649879483010,"m":true,"M":true},{"e":"trade","E":1649879556173,"s":"ALPINEBTC","t":1264633,"p":"0.00014505","q":"2.61000000","b":25035270,"a":25035136,"T":1649879556172,"m":false,"M":true},{"e":"trade","E":1649879557335,"s":"ALPINEBTC","t":1264634,"p":"0.00014505","q":"43.39000000","b":25035275,"a":25035136,"T":1649879557334,"m":false,"M":true},{"e":"trade","E":1649879557335,"s":"ALPINEBTC","t":1264635,"p":"0.00014505","q":"0.70000000","b":25035275,"a":25035271,"T":1649879557334,"m":false,"M":true},{"e":"trade","E":1649879557366,"s":"ALPINEBTC","t":1264636,"p":"0.00014506","q":"8.29000000","b":25035276,"a":25035062,"T":1649879557366,"m":false,"M":true},{"e":"trade","E":1649879557712,"s":"ALPINEBTC","t":1264637,"p":"0.00014506","q":"8.29000000","b":25035278,"a":25035277,"T":1649879557711,"m":false,"M":true},{"e":"trade","E":1649879612264,"s":"ALPINEBTC","t":1264638,"p":"0.00014510","q":"2.24000000","b":25035473,"a":25028913,"T":1649879612264,"m":false,"M":true},{"e":"trade","E":1649879612264,"s":"ALPINEBTC","t":1264639,"p":"0.00014510","q":"1.66000000","b":25035473,"a":25035315,"T":1649879612264,"m":false,"M":true},{"e":"trade","E":1649879619963,"s":"ALPINEBTC","t":1264640,"p":"0.00014512","q":"42.81000000","b":25035489,"a":25035486,"T":1649879619962,"m":false,"M":true},{"e":"trade","E":1649879619963,"s":"ALPINEBTC","t":1264641,"p":"0.00014512","q":"21.41000000","b":25035489,"a":25035487,"T":1649879619962,"m":false,"M":true},{"e":"trade","E":1649879622417,"s":"ALPINEBTC","t":1264642,"p":"0.00014512","q":"24.59000000","b":25035490,"a":25035487,"T":1649879622416,"m":false,"M":true},{"e":"trade","E":1649879646325,"s":"ALPINEBTC","t":1264643,"p":"0.00014494","q":"2.27000000","b":25035515,"a":25035522,"T":1649879646324,"m":true,"M":true},{"e":"trade","E":1649879646351,"s":"ALPINEBTC","t":1264644,"p":"0.00014494","q":"3.85000000","b":25035515,"a":25035523,"T":1649879646350,"m":true,"M":true},{"e":"trade","E":1649879657733,"s":"ALPINEBTC","t":1264645,"p":"0.00014494","q":"36.03000000","b":25035515,"a":25035537,"T":1649879657732,"m":true,"M":true},{"e":"trade","E":1649879657798,"s":"ALPINEBTC","t":1264646,"p":"0.00014489","q":"47.58000000","b":25035475,"a":25035544,"T":1649879657797,"m":true,"M":true},{"e":"trade","E":1649879731267,"s":"ALPINEBTC","t":1264647,"p":"0.00014498","q":"32.97000000","b":25035680,"a":25035594,"T":1649879731266,"m":false,"M":true},{"e":"trade","E":1649879731456,"s":"ALPINEBTC","t":1264648,"p":"0.00014504","q":"23.98000000","b":25035686,"a":25035554,"T":1649879731455,"m":false,"M":true},{"e":"trade","E":1649879746598,"s":"ALPINEBTC","t":1264649,"p":"0.00014507","q":"2.75000000","b":25035713,"a":25035711,"T":1649879746597,"m":false,"M":true},{"e":"trade","E":1649879759117,"s":"ALPINEBTC","t":1264650,"p":"0.00014507","q":"43.25000000","b":25035720,"a":25035711,"T":1649879759116,"m":false,"M":true},{"e":"trade","E":1649879759176,"s":"ALPINEBTC","t":1264651,"p":"0.00014508","q":"37.93000000","b":25035721,"a":25035561,"T":1649879759175,"m":false,"M":true},{"e":"trade","E":1649879759176,"s":"ALPINEBTC","t":1264652,"p":"0.00014508","q":"47.58000000","b":25035721,"a":25035703,"T":1649879759175,"m":false,"M":true},{"e":"trade","E":1649879782574,"s":"ALPINEBTC","t":1264653,"p":"0.00014513","q":"9.08000000","b":25035766,"a":25028980,"T":1649879782573,"m":false,"M":true},{"e":"trade","E":1649879782583,"s":"ALPINEBTC","t":1264654,"p":"0.00014520","q":"2.49000000","b":25035767,"a":25028969,"T":1649879782582,"m":false,"M":true},{"e":"trade","E":1649879782583,"s":"ALPINEBTC","t":1264655,"p":"0.00014522","q":"1.38000000","b":25035767,"a":25028609,"T":1649879782582,"m":false,"M":true},{"e":"trade","E":1649879782583,"s":"ALPINEBTC","t":1264656,"p":"0.00014522","q":"2.05000000","b":25035767,"a":25028678,"T":1649879782582,"m":false,"M":true},{"e":"trade","E":1649879782583,"s":"ALPINEBTC","t":1264657,"p":"0.00014522","q":"16.21000000","b":25035767,"a":25035746,"T":1649879782582,"m":false,"M":true},{"e":"trade","E":1649879791159,"s":"ALPINEBTC","t":1264658,"p":"0.00014526","q":"1.54000000","b":25035797,"a":25028501,"T":1649879791158,"m":false,"M":true},{"e":"trade","E":1649879791159,"s":"ALPINEBTC","t":1264659,"p":"0.00014526","q":"47.58000000","b":25035797,"a":25035779,"T":1649879791158,"m":false,"M":true},{"e":"trade","E":1649879799961,"s":"ALPINEBTC","t":1264660,"p":"0.00014533","q":"5.05000000","b":25035848,"a":25030879,"T":1649879799961,"m":false,"M":true},{"e":"trade","E":1649879806096,"s":"ALPINEBTC","t":1264661,"p":"0.00014537","q":"8.32000000","b":25035860,"a":25028327,"T":1649879806095,"m":false,"M":true},{"e":"trade","E":1649879806096,"s":"ALPINEBTC","t":1264662,"p":"0.00014538","q":"47.58000000","b":25035860,"a":25035816,"T":1649879806095,"m":false,"M":true},{"e":"trade","E":1649879806096,"s":"ALPINEBTC","t":1264663,"p":"0.00014541","q":"24.33000000","b":25035860,"a":25028312,"T":1649879806095,"m":false,"M":true},{"e":"trade","E":1649879806096,"s":"ALPINEBTC","t":1264664,"p":"0.00014543","q":"1.38000000","b":25035860,"a":25029984,"T":1649879806095,"m":false,"M":true},{"e":"trade","E":1649879806121,"s":"ALPINEBTC","t":1264665,"p":"0.00014545","q":"1.40000000","b":25035864,"a":25028317,"T":1649879806120,"m":false,"M":true},{"e":"trade","E":1649879806138,"s":"ALPINEBTC","t":1264666,"p":"0.00014548","q":"84.60000000","b":25035868,"a":25028789,"T":1649879806138,"m":false,"M":true},{"e":"trade","E":1649879806148,"s":"ALPINEBTC","t":1264667,"p":"0.00014550","q":"37.82000000","b":25035871,"a":25035839,"T":1649879806147,"m":false,"M":true},{"e":"trade","E":1649879806148,"s":"ALPINEBTC","t":1264668,"p":"0.00014551","q":"8.24000000","b":25035871,"a":25035814,"T":1649879806147,"m":false,"M":true},{"e":"trade","E":1649879806160,"s":"ALPINEBTC","t":1264669,"p":"0.00014556","q":"1.67000000","b":25035879,"a":25028334,"T":1649879806159,"m":false,"M":true},{"e":"trade","E":1649879806297,"s":"ALPINEBTC","t":1264670,"p":"0.00014557","q":"2.23000000","b":25035889,"a":25027174,"T":1649879806296,"m":false,"M":true},{"e":"trade","E":1649879806411,"s":"ALPINEBTC","t":1264671,"p":"0.00014551","q":"8.24000000","b":25035893,"a":25035891,"T":1649879806410,"m":false,"M":true},{"e":"trade","E":1649879815346,"s":"ALPINEBTC","t":1264672,"p":"0.00014567","q":"1.36000000","b":25035973,"a":25028737,"T":1649879815345,"m":false,"M":true},{"e":"trade","E":1649879815346,"s":"ALPINEBTC","t":1264673,"p":"0.00014567","q":"47.58000000","b":25035973,"a":25035936,"T":1649879815345,"m":false,"M":true},{"e":"trade","E":1649879815349,"s":"ALPINEBTC","t":1264674,"p":"0.00014570","q":"1.38000000","b":25035975,"a":25027164,"T":1649879815348,"m":false,"M":true},{"e":"trade","E":1649879815349,"s":"ALPINEBTC","t":1264675,"p":"0.00014570","q":"37.76000000","b":25035975,"a":25035947,"T":1649879815348,"m":false,"M":true},{"e":"trade","E":1649879815359,"s":"ALPINEBTC","t":1264676,"p":"0.00014572","q":"2.05000000","b":25035977,"a":25027169,"T":1649879815358,"m":false,"M":true},{"e":"trade","E":1649879815359,"s":"ALPINEBTC","t":1264677,"p":"0.00014572","q":"8.30000000","b":25035977,"a":25035930,"T":1649879815358,"m":false,"M":true},{"e":"trade","E":1649879815362,"s":"ALPINEBTC","t":1264678,"p":"0.00014574","q":"1.53000000","b":25035978,"a":25027010,"T":1649879815362,"m":false,"M":true},{"e":"trade","E":1649879815557,"s":"ALPINEBTC","t":1264679,"p":"0.00014572","q":"8.30000000","b":25035998,"a":25035997,"T":1649879815556,"m":false,"M":true},{"e":"trade","E":1649879826358,"s":"ALPINEBTC","t":1264680,"p":"0.00014570","q":"46.00000000","b":25036058,"a":25036062,"T":1649879826358,"m":true,"M":true},{"e":"trade","E":1649879843296,"s":"ALPINEBTC","t":1264681,"p":"0.00014583","q":"8.29000000","b":25036102,"a":25026724,"T":1649879843295,"m":false,"M":true},{"e":"trade","E":1649879843296,"s":"ALPINEBTC","t":1264682,"p":"0.00014583","q":"9.04000000","b":25036102,"a":25027173,"T":1649879843295,"m":false,"M":true},{"e":"trade","E":1649879843296,"s":"ALPINEBTC","t":1264683,"p":"0.00014583","q":"47.58000000","b":25036102,"a":25036019,"T":1649879843295,"m":false,"M":true},{"e":"trade","E":1649879843614,"s":"ALPINEBTC","t":1264684,"p":"0.00014591","q":"1.70000000","b":25036121,"a":25027165,"T":1649879843613,"m":false,"M":true},{"e":"trade","E":1649879843614,"s":"ALPINEBTC","t":1264685,"p":"0.00014591","q":"2.38000000","b":25036121,"a":25027170,"T":1649879843613,"m":false,"M":true},{"e":"trade","E":1649879843614,"s":"ALPINEBTC","t":1264686,"p":"0.00014591","q":"33.48000000","b":25036121,"a":25036031,"T":1649879843613,"m":false,"M":true},{"e":"trade","E":1649879843741,"s":"ALPINEBTC","t":1264687,"p":"0.00014591","q":"4.23000000","b":25036129,"a":25036031,"T":1649879843741,"m":false,"M":true},{"e":"trade","E":1649879843741,"s":"ALPINEBTC","t":1264688,"p":"0.00014591","q":"13.49000000","b":25036129,"a":25036123,"T":1649879843741,"m":false,"M":true},{"e":"trade","E":1649879843742,"s":"ALPINEBTC","t":1264689,"p":"0.00014591","q":"17.32000000","b":25036130,"a":25036123,"T":1649879843741,"m":false,"M":true},{"e":"trade","E":1649879843757,"s":"ALPINEBTC","t":1264690,"p":"0.00014591","q":"16.77000000","b":25036131,"a":25036123,"T":1649879843757,"m":false,"M":true},{"e":"trade","E":1649879854167,"s":"ALPINEBTC","t":1264691,"p":"0.00014585","q":"40.00000000","b":25036169,"a":25036179,"T":1649879854166,"m":true,"M":true},{"e":"trade","E":1649879854177,"s":"ALPINEBTC","t":1264692,"p":"0.00014585","q":"6.00000000","b":25036169,"a":25036180,"T":1649879854176,"m":true,"M":true},{"e":"trade","E":1649879854229,"s":"ALPINEBTC","t":1264693,"p":"0.00014584","q":"32.00000000","b":25036168,"a":25036181,"T":1649879854229,"m":true,"M":true},{"e":"trade","E":1649879861748,"s":"ALPINEBTC","t":1264694,"p":"0.00014584","q":"32.00000000","b":25036196,"a":25036197,"T":1649879861747,"m":true,"M":true},{"e":"trade","E":1649879861750,"s":"ALPINEBTC","t":1264695,"p":"0.00014582","q":"47.58000000","b":25036194,"a":25036198,"T":1649879861749,"m":true,"M":true},{"e":"trade","E":1649879861782,"s":"ALPINEBTC","t":1264696,"p":"0.00014579","q":"57.39000000","b":25036162,"a":25036199,"T":1649879861782,"m":true,"M":true},{"e":"trade","E":1649879861792,"s":"ALPINEBTC","t":1264697,"p":"0.00014577","q":"29.25000000","b":25036189,"a":25036203,"T":1649879861791,"m":true,"M":true},{"e":"trade","E":1649879913439,"s":"ALPINEBTC","t":1264698,"p":"0.00014575","q":"46.00000000","b":25036401,"a":25036275,"T":1649879913439,"m":false,"M":true},{"e":"trade","E":1649879913448,"s":"ALPINEBTC","t":1264699,"p":"0.00014576","q":"37.75000000","b":25036409,"a":25036274,"T":1649879913448,"m":false,"M":true},{"e":"trade","E":1649879913462,"s":"ALPINEBTC","t":1264700,"p":"0.00014577","q":"4.15000000","b":25036411,"a":25036277,"T":1649879913462,"m":false,"M":true},{"e":"trade","E":1649879939181,"s":"ALPINEBTC","t":1264701,"p":"0.00014583","q":"46.00000000","b":25036461,"a":25036467,"T":1649879939180,"m":true,"M":true},{"e":"trade","E":1649879968806,"s":"ALPINEBTC","t":1264702,"p":"0.00014570","q":"47.58000000","b":25036422,"a":25036520,"T":1649879968805,"m":true,"M":true},{"e":"trade","E":1649879975298,"s":"ALPINEBTC","t":1264703,"p":"0.00014556","q":"47.58000000","b":25036543,"a":25036572,"T":1649879975297,"m":true,"M":true},{"e":"trade","E":1649879975316,"s":"ALPINEBTC","t":1264704,"p":"0.00014548","q":"32.00000000","b":25036558,"a":25036574,"T":1649879975316,"m":true,"M":true},{"e":"trade","E":1649879975434,"s":"ALPINEBTC","t":1264705,"p":"0.00014545","q":"53.13000000","b":25036549,"a":25036583,"T":1649879975434,"m":true,"M":true},{"e":"trade","E":1649880016968,"s":"ALPINEBTC","t":1264706,"p":"0.00014557","q":"37.80000000","b":25036755,"a":25036663,"T":1649880016967,"m":false,"M":true},{"e":"trade","E":1649880016978,"s":"ALPINEBTC","t":1264707,"p":"0.00014558","q":"4.17000000","b":25036757,"a":25036642,"T":1649880016978,"m":false,"M":true},{"e":"trade","E":1649880017303,"s":"ALPINEBTC","t":1264708,"p":"0.00014558","q":"4.17000000","b":25036761,"a":25036760,"T":1649880017303,"m":false,"M":true},{"e":"trade","E":1649880017717,"s":"ALPINEBTC","t":1264709,"p":"0.00014554","q":"1.32000000","b":25036771,"a":25036772,"T":1649880017717,"m":true,"M":true},{"e":"trade","E":1649880027796,"s":"ALPINEBTC","t":1264710,"p":"0.00014583","q":"37.73000000","b":25036827,"a":25036801,"T":1649880027795,"m":false,"M":true},{"e":"trade","E":1649880027805,"s":"ALPINEBTC","t":1264711,"p":"0.00014584","q":"4.16000000","b":25036830,"a":25036795,"T":1649880027804,"m":false,"M":true},{"e":"trade","E":1649880027991,"s":"ALPINEBTC","t":1264712,"p":"0.00014584","q":"4.16000000","b":25036847,"a":25036846,"T":1649880027990,"m":false,"M":true},{"e":"trade","E":1649880028396,"s":"ALPINEBTC","t":1264713,"p":"0.00014584","q":"4.16000000","b":25036854,"a":25036853,"T":1649880028395,"m":false,"M":true},{"e":"trade","E":1649880031746,"s":"ALPINEBTC","t":1264714,"p":"0.00014594","q":"2.48000000","b":25036880,"a":25027171,"T":1649880031745,"m":false,"M":true},{"e":"trade","E":1649880031746,"s":"ALPINEBTC","t":1264715,"p":"0.00014594","q":"35.28000000","b":25036880,"a":25036857,"T":1649880031745,"m":false,"M":true},{"e":"trade","E":1649880031746,"s":"ALPINEBTC","t":1264716,"p":"0.00014594","q":"12.30000000","b":25036881,"a":25036857,"T":1649880031745,"m":false,"M":true},{"e":"trade","E":1649880031746,"s":"ALPINEBTC","t":1264717,"p":"0.00014594","q":"37.70000000","b":25036881,"a":25036879,"T":1649880031745,"m":false,"M":true},{"e":"trade","E":1649880031747,"s":"ALPINEBTC","t":1264718,"p":"0.00014595","q":"24.24000000","b":25036882,"a":25026699,"T":1649880031747,"m":false,"M":true},{"e":"trade","E":1649880031747,"s":"ALPINEBTC","t":1264719,"p":"0.00014595","q":"4.12000000","b":25036882,"a":25036869,"T":1649880031747,"m":false,"M":true},{"e":"trade","E":1649880032015,"s":"ALPINEBTC","t":1264720,"p":"0.00014600","q":"0.70000000","b":25036899,"a":25029961,"T":1649880032015,"m":false,"M":true},{"e":"trade","E":1649880032355,"s":"ALPINEBTC","t":1264721,"p":"0.00014600","q":"1.85000000","b":25036916,"a":25036917,"T":1649880032354,"m":true,"M":true},{"e":"trade","E":1649880034498,"s":"ALPINEBTC","t":1264722,"p":"0.00014602","q":"46.00000000","b":25036930,"a":25036935,"T":1649880034498,"m":true,"M":true},{"e":"trade","E":1649880038838,"s":"ALPINEBTC","t":1264723,"p":"0.00014595","q":"1.58000000","b":25036948,"a":25036959,"T":1649880038838,"m":true,"M":true},{"e":"trade","E":1649880078191,"s":"ALPINEBTC","t":1264724,"p":"0.00014602","q":"46.00000000","b":25037021,"a":25036976,"T":1649880078190,"m":false,"M":true},{"e":"trade","E":1649880078298,"s":"ALPINEBTC","t":1264725,"p":"0.00014603","q":"0.73000000","b":25037028,"a":25030657,"T":1649880078297,"m":false,"M":true},{"e":"trade","E":1649880078298,"s":"ALPINEBTC","t":1264726,"p":"0.00014604","q":"0.66000000","b":25037028,"a":25025449,"T":1649880078297,"m":false,"M":true},{"e":"trade","E":1649880079331,"s":"ALPINEBTC","t":1264727,"p":"0.00014604","q":"0.73000000","b":25037033,"a":25025449,"T":1649880079331,"m":false,"M":true},{"e":"trade","E":1649880079331,"s":"ALPINEBTC","t":1264728,"p":"0.00014605","q":"2.22000000","b":25037033,"a":25025499,"T":1649880079331,"m":false,"M":true},{"e":"trade","E":1649880079331,"s":"ALPINEBTC","t":1264729,"p":"0.00014605","q":"46.85000000","b":25037033,"a":25036932,"T":1649880079331,"m":false,"M":true},{"e":"trade","E":1649880079393,"s":"ALPINEBTC","t":1264730,"p":"0.00014610","q":"6.06000000","b":25037034,"a":25027309,"T":1649880079392,"m":false,"M":true},{"e":"trade","E":1649880085592,"s":"ALPINEBTC","t":1264731,"p":"0.00014617","q":"6.06000000","b":25037099,"a":25027310,"T":1649880085591,"m":false,"M":true},{"e":"trade","E":1649880085592,"s":"ALPINEBTC","t":1264732,"p":"0.00014617","q":"47.58000000","b":25037099,"a":25037064,"T":1649880085591,"m":false,"M":true},{"e":"trade","E":1649880085592,"s":"ALPINEBTC","t":1264733,"p":"0.00014618","q":"1.37000000","b":25037099,"a":25025625,"T":1649880085591,"m":false,"M":true},{"e":"trade","E":1649880085592,"s":"ALPINEBTC","t":1264734,"p":"0.00014618","q":"43.33000000","b":25037099,"a":25030877,"T":1649880085591,"m":false,"M":true},{"e":"trade","E":1649880085592,"s":"ALPINEBTC","t":1264735,"p":"0.00014620","q":"17.04000000","b":25037099,"a":25026155,"T":1649880085591,"m":false,"M":true},{"e":"trade","E":1649880085592,"s":"ALPINEBTC","t":1264736,"p":"0.00014620","q":"3.71000000","b":25037099,"a":25026155,"T":1649880085591,"m":false,"M":true},{"e":"trade","E":1649880085618,"s":"ALPINEBTC","t":1264737,"p":"0.00014620","q":"13.33000000","b":25037100,"a":25026155,"T":1649880085617,"m":false,"M":true},{"e":"trade","E":1649880085618,"s":"ALPINEBTC","t":1264738,"p":"0.00014620","q":"3.64000000","b":25037100,"a":25026155,"T":1649880085617,"m":false,"M":true},{"e":"trade","E":1649880085775,"s":"ALPINEBTC","t":1264739,"p":"0.00014620","q":"13.40000000","b":25037106,"a":25026155,"T":1649880085775,"m":false,"M":true},{"e":"trade","E":1649880085853,"s":"ALPINEBTC","t":1264740,"p":"0.00014620","q":"17.04000000","b":25037107,"a":25026155,"T":1649880085853,"m":false,"M":true},{"e":"trade","E":1649880085882,"s":"ALPINEBTC","t":1264741,"p":"0.00014620","q":"17.04000000","b":25037111,"a":25026155,"T":1649880085881,"m":false,"M":true},{"e":"trade","E":1649880085935,"s":"ALPINEBTC","t":1264742,"p":"0.00014620","q":"17.04000000","b":25037112,"a":25026155,"T":1649880085935,"m":false,"M":true},{"e":"trade","E":1649880085952,"s":"ALPINEBTC","t":1264743,"p":"0.00014620","q":"3.71000000","b":25037113,"a":25026155,"T":1649880085952,"m":false,"M":true},{"e":"trade","E":1649880085966,"s":"ALPINEBTC","t":1264744,"p":"0.00014620","q":"1.08000000","b":25037114,"a":25026155,"T":1649880085965,"m":false,"M":true},{"e":"trade","E":1649880086013,"s":"ALPINEBTC","t":1264745,"p":"0.00014620","q":"12.25000000","b":25037115,"a":25026155,"T":1649880086012,"m":false,"M":true},{"e":"trade","E":1649880086036,"s":"ALPINEBTC","t":1264746,"p":"0.00014620","q":"17.04000000","b":25037116,"a":25026155,"T":1649880086036,"m":false,"M":true},{"e":"trade","E":1649880086061,"s":"ALPINEBTC","t":1264747,"p":"0.00014620","q":"17.04000000","b":25037117,"a":25026155,"T":1649880086060,"m":false,"M":true},{"e":"trade","E":1649880086117,"s":"ALPINEBTC","t":1264748,"p":"0.00014620","q":"16.94000000","b":25037118,"a":25026155,"T":1649880086116,"m":false,"M":true},{"e":"trade","E":1649880086143,"s":"ALPINEBTC","t":1264749,"p":"0.00014621","q":"1.66000000","b":25037120,"a":25025498,"T":1649880086142,"m":false,"M":true},{"e":"trade","E":1649880086143,"s":"ALPINEBTC","t":1264750,"p":"0.00014621","q":"2.05000000","b":25037120,"a":25025526,"T":1649880086142,"m":false,"M":true},{"e":"trade","E":1649880086175,"s":"ALPINEBTC","t":1264751,"p":"0.00014623","q":"1.53000000","b":25037123,"a":25025456,"T":1649880086175,"m":false,"M":true},{"e":"trade","E":1649880087270,"s":"ALPINEBTC","t":1264752,"p":"0.00014628","q":"47.58000000","b":25037158,"a":25037122,"T":1649880087269,"m":false,"M":true},{"e":"trade","E":1649880087270,"s":"ALPINEBTC","t":1264753,"p":"0.00014629","q":"37.61000000","b":25037158,"a":25037088,"T":1649880087269,"m":false,"M":true},{"e":"trade","E":1649880087270,"s":"ALPINEBTC","t":1264754,"p":"0.00014630","q":"8.26000000","b":25037158,"a":25025485,"T":1649880087269,"m":false,"M":true},{"e":"trade","E":1649880087284,"s":"ALPINEBTC","t":1264755,"p":"0.00014641","q":"4.09000000","b":25037167,"a":25037153,"T":1649880087283,"m":false,"M":true},{"e":"trade","E":1649880087317,"s":"ALPINEBTC","t":1264756,"p":"0.00014645","q":"2.32000000","b":25037172,"a":25028319,"T":1649880087317,"m":false,"M":true},{"e":"trade","E":1649880087532,"s":"ALPINEBTC","t":1264757,"p":"0.00014641","q":"4.09000000","b":25037190,"a":25037189,"T":1649880087532,"m":false,"M":true},{"e":"trade","E":1649880094145,"s":"ALPINEBTC","t":1264758,"p":"0.00014643","q":"46.00000000","b":25037245,"a":25037265,"T":1649880094144,"m":true,"M":true},{"e":"trade","E":1649880094208,"s":"ALPINEBTC","t":1264759,"p":"0.00014636","q":"46.00000000","b":25037229,"a":25037270,"T":1649880094207,"m":true,"M":true},{"e":"trade","E":1649880094226,"s":"ALPINEBTC","t":1264760,"p":"0.00014637","q":"27.51000000","b":25037274,"a":25037275,"T":1649880094226,"m":true,"M":true},{"e":"trade","E":1649880094238,"s":"ALPINEBTC","t":1264761,"p":"0.00014637","q":"18.49000000","b":25037274,"a":25037276,"T":1649880094237,"m":true,"M":true},{"e":"trade","E":1649880094294,"s":"ALPINEBTC","t":1264762,"p":"0.00014631","q":"47.58000000","b":25037282,"a":25037283,"T":1649880094293,"m":true,"M":true},{"e":"trade","E":1649880097450,"s":"ALPINEBTC","t":1264763,"p":"0.00014638","q":"4.17000000","b":25037329,"a":25037328,"T":1649880097449,"m":false,"M":true},{"e":"trade","E":1649880097797,"s":"ALPINEBTC","t":1264764,"p":"0.00014638","q":"4.17000000","b":25037338,"a":25037337,"T":1649880097797,"m":false,"M":true},{"e":"trade","E":1649880098861,"s":"ALPINEBTC","t":1264765,"p":"0.00014638","q":"4.17000000","b":25037353,"a":25037348,"T":1649880098860,"m":false,"M":true},{"e":"trade","E":1649880099629,"s":"ALPINEBTC","t":1264766,"p":"0.00014637","q":"37.59000000","b":25037364,"a":25037363,"T":1649880099628,"m":false,"M":true},{"e":"trade","E":1649880099640,"s":"ALPINEBTC","t":1264767,"p":"0.00014638","q":"4.17000000","b":25037365,"a":25037359,"T":1649880099639,"m":false,"M":true},{"e":"trade","E":1649880099755,"s":"ALPINEBTC","t":1264768,"p":"0.00014638","q":"4.17000000","b":25037367,"a":25037366,"T":1649880099754,"m":false,"M":true},{"e":"trade","E":1649880100150,"s":"ALPINEBTC","t":1264769,"p":"0.00014638","q":"4.17000000","b":25037370,"a":25037368,"T":1649880100150,"m":false,"M":true},{"e":"trade","E":1649880105111,"s":"ALPINEBTC","t":1264770,"p":"0.00014650","q":"24.15000000","b":25037413,"a":25025460,"T":1649880105111,"m":false,"M":true},{"e":"trade","E":1649880105111,"s":"ALPINEBTC","t":1264771,"p":"0.00014650","q":"3.78000000","b":25037413,"a":25029959,"T":1649880105111,"m":false,"M":true},{"e":"trade","E":1649880105111,"s":"ALPINEBTC","t":1264772,"p":"0.00014650","q":"4.12000000","b":25037413,"a":25037388,"T":1649880105111,"m":false,"M":true},{"e":"trade","E":1649880105111,"s":"ALPINEBTC","t":1264773,"p":"0.00014650","q":"47.58000000","b":25037413,"a":25037392,"T":1649880105111,"m":false,"M":true},{"e":"trade","E":1649880105120,"s":"ALPINEBTC","t":1264774,"p":"0.00014652","q":"2.22000000","b":25037418,"a":25025479,"T":1649880105119,"m":false,"M":true},{"e":"trade","E":1649880105120,"s":"ALPINEBTC","t":1264775,"p":"0.00014652","q":"19.32000000","b":25037418,"a":25028316,"T":1649880105119,"m":false,"M":true},{"e":"trade","E":1649880105120,"s":"ALPINEBTC","t":1264776,"p":"0.00014652","q":"37.55000000","b":25037418,"a":25037398,"T":1649880105119,"m":false,"M":true},{"e":"trade","E":1649880105120,"s":"ALPINEBTC","t":1264777,"p":"0.00014654","q":"1.37000000","b":25037418,"a":25025432,"T":1649880105119,"m":false,"M":true},{"e":"trade","E":1649880105120,"s":"ALPINEBTC","t":1264778,"p":"0.00014654","q":"8.99000000","b":25037418,"a":25025467,"T":1649880105119,"m":false,"M":true},{"e":"trade","E":1649880105151,"s":"ALPINEBTC","t":1264779,"p":"0.00014657","q":"84.60000000","b":25037425,"a":25036039,"T":1649880105150,"m":false,"M":true},{"e":"trade","E":1649880105170,"s":"ALPINEBTC","t":1264780,"p":"0.00014650","q":"4.12000000","b":25037427,"a":25037426,"T":1649880105170,"m":false,"M":true},{"e":"trade","E":1649880105767,"s":"ALPINEBTC","t":1264781,"p":"0.00014650","q":"4.12000000","b":25037444,"a":25037443,"T":1649880105766,"m":false,"M":true},{"e":"trade","E":1649880107623,"s":"ALPINEBTC","t":1264782,"p":"0.00014646","q":"27.89000000","b":25037469,"a":25037470,"T":1649880107623,"m":true,"M":true},{"e":"trade","E":1649880107627,"s":"ALPINEBTC","t":1264783,"p":"0.00014646","q":"18.11000000","b":25037469,"a":25037471,"T":1649880107626,"m":true,"M":true},{"e":"trade","E":1649880107823,"s":"ALPINEBTC","t":1264784,"p":"0.00014642","q":"31.89000000","b":25037453,"a":25037484,"T":1649880107822,"m":true,"M":true},{"e":"trade","E":1649880125935,"s":"ALPINEBTC","t":1264785,"p":"0.00014651","q":"33.82000000","b":25037554,"a":25037555,"T":1649880125935,"m":true,"M":true},{"e":"trade","E":1649880146634,"s":"ALPINEBTC","t":1264786,"p":"0.00014639","q":"46.00000000","b":25037587,"a":25037591,"T":1649880146633,"m":true,"M":true},{"e":"trade","E":1649880146666,"s":"ALPINEBTC","t":1264787,"p":"0.00014637","q":"4.85000000","b":25037577,"a":25037592,"T":1649880146665,"m":true,"M":true},{"e":"trade","E":1649880146713,"s":"ALPINEBTC","t":1264788,"p":"0.00014636","q":"40.00000000","b":25037525,"a":25037595,"T":1649880146713,"m":true,"M":true},{"e":"trade","E":1649880146721,"s":"ALPINEBTC","t":1264789,"p":"0.00014636","q":"7.58000000","b":25037525,"a":25037596,"T":1649880146720,"m":true,"M":true},{"e":"trade","E":1649880146929,"s":"ALPINEBTC","t":1264790,"p":"0.00014631","q":"58.27000000","b":25037459,"a":25037602,"T":1649880146928,"m":true,"M":true},{"e":"trade","E":1649880146947,"s":"ALPINEBTC","t":1264791,"p":"0.00014627","q":"32.00000000","b":25037535,"a":25037604,"T":1649880146946,"m":true,"M":true},{"e":"trade","E":1649880146947,"s":"ALPINEBTC","t":1264792,"p":"0.00014624","q":"24.34000000","b":25037598,"a":25037604,"T":1649880146946,"m":true,"M":true},{"e":"trade","E":1649880146947,"s":"ALPINEBTC","t":1264793,"p":"0.00014606","q":"1.93000000","b":25037542,"a":25037604,"T":1649880146946,"m":true,"M":true},{"e":"trade","E":1649880195296,"s":"ALPINEBTC","t":1264794,"p":"0.00014635","q":"7.97000000","b":25037758,"a":25037660,"T":1649880195295,"m":false,"M":true},{"e":"trade","E":1649880195307,"s":"ALPINEBTC","t":1264795,"p":"0.00014635","q":"29.63000000","b":25037759,"a":25037660,"T":1649880195306,"m":false,"M":true},{"e":"trade","E":1649880199654,"s":"ALPINEBTC","t":1264796,"p":"0.00014638","q":"7.27000000","b":25037778,"a":25037642,"T":1649880199654,"m":false,"M":true},{"e":"trade","E":1649880199691,"s":"ALPINEBTC","t":1264797,"p":"0.00014638","q":"1.04000000","b":25037779,"a":25037642,"T":1649880199691,"m":false,"M":true},{"e":"trade","E":1649880199691,"s":"ALPINEBTC","t":1264798,"p":"0.00014638","q":"30.96000000","b":25037779,"a":25037762,"T":1649880199691,"m":false,"M":true},{"e":"trade","E":1649880202732,"s":"ALPINEBTC","t":1264799,"p":"0.00014644","q":"47.58000000","b":25037817,"a":25037796,"T":1649880202731,"m":false,"M":true},{"e":"trade","E":1649880208562,"s":"ALPINEBTC","t":1264800,"p":"0.00014644","q":"32.00000000","b":25037852,"a":25037853,"T":1649880208562,"m":true,"M":true},{"e":"trade","E":1649880216259,"s":"ALPINEBTC","t":1264801,"p":"0.00014634","q":"2.14000000","b":25037887,"a":25037889,"T":1649880216258,"m":true,"M":true},{"e":"trade","E":1649880233284,"s":"ALPINEBTC","t":1264802,"p":"0.00014644","q":"3.37000000","b":25037909,"a":25037896,"T":1649880233284,"m":false,"M":true},{"e":"trade","E":1649880270266,"s":"ALPINEBTC","t":1264803,"p":"0.00014657","q":"0.20000000","b":25037943,"a":25037882,"T":1649880270265,"m":false,"M":true},{"e":"trade","E":1649880327916,"s":"ALPINEBTC","t":1264804,"p":"0.00014626","q":"47.58000000","b":25037869,"a":25037992,"T":1649880327916,"m":true,"M":true},{"e":"trade","E":1649880327927,"s":"ALPINEBTC","t":1264805,"p":"0.00014621","q":"30.66000000","b":25037991,"a":25037993,"T":1649880327927,"m":true,"M":true},{"e":"trade","E":1649880328014,"s":"ALPINEBTC","t":1264806,"p":"0.00014617","q":"32.00000000","b":25037879,"a":25038000,"T":1649880328014,"m":true,"M":true},{"e":"trade","E":1649880331384,"s":"ALPINEBTC","t":1264807,"p":"0.00014602","q":"53.57000000","b":25038024,"a":25038045,"T":1649880331383,"m":true,"M":true},{"e":"trade","E":1649880331384,"s":"ALPINEBTC","t":1264808,"p":"0.00014602","q":"27.98000000","b":25038026,"a":25038045,"T":1649880331383,"m":true,"M":true},{"e":"trade","E":1649880331384,"s":"ALPINEBTC","t":1264809,"p":"0.00014602","q":"34.57000000","b":25038028,"a":25038045,"T":1649880331383,"m":true,"M":true},{"e":"trade","E":1649880331384,"s":"ALPINEBTC","t":1264810,"p":"0.00014602","q":"3.48000000","b":25038028,"a":25037953,"T":1649880331383,"m":true,"M":true},{"e":"trade","E":1649880415709,"s":"ALPINEBTC","t":1264811,"p":"0.00014581","q":"47.58000000","b":25038069,"a":25038261,"T":1649880415709,"m":true,"M":true},{"e":"trade","E":1649880415709,"s":"ALPINEBTC","t":1264812,"p":"0.00014576","q":"2.22000000","b":25037508,"a":25038261,"T":1649880415709,"m":true,"M":true},{"e":"trade","E":1649880415709,"s":"ALPINEBTC","t":1264813,"p":"0.00014575","q":"32.00000000","b":25038111,"a":25038261,"T":1649880415709,"m":true,"M":true},{"e":"trade","E":1649880415709,"s":"ALPINEBTC","t":1264814,"p":"0.00014572","q":"25.60000000","b":25038085,"a":25038261,"T":1649880415709,"m":true,"M":true},{"e":"trade","E":1649880438580,"s":"ALPINEBTC","t":1264815,"p":"0.00014567","q":"24.15000000","b":25037503,"a":25038321,"T":1649880438579,"m":true,"M":true},{"e":"trade","E":1649880438696,"s":"ALPINEBTC","t":1264816,"p":"0.00014556","q":"47.58000000","b":25038279,"a":25038330,"T":1649880438696,"m":true,"M":true},{"e":"trade","E":1649880438696,"s":"ALPINEBTC","t":1264817,"p":"0.00014555","q":"8.26000000","b":25037255,"a":25038330,"T":1649880438696,"m":true,"M":true},{"e":"trade","E":1649880438696,"s":"ALPINEBTC","t":1264818,"p":"0.00014554","q":"8.99000000","b":25037505,"a":25038330,"T":1649880438696,"m":true,"M":true},{"e":"trade","E":1649880438705,"s":"ALPINEBTC","t":1264819,"p":"0.00014553","q":"54.36000000","b":25038281,"a":25038331,"T":1649880438705,"m":true,"M":true},{"e":"trade","E":1649880438707,"s":"ALPINEBTC","t":1264820,"p":"0.00014550","q":"32.00000000","b":25038286,"a":25038332,"T":1649880438706,"m":true,"M":true},{"e":"trade","E":1649880466020,"s":"ALPINEBTC","t":1264821,"p":"0.00014547","q":"84.60000000","b":25037564,"a":25038390,"T":1649880466019,"m":true,"M":true},{"e":"trade","E":1649880466020,"s":"ALPINEBTC","t":1264822,"p":"0.00014546","q":"1.53000000","b":25037249,"a":25038390,"T":1649880466019,"m":true,"M":true},{"e":"trade","E":1649880466020,"s":"ALPINEBTC","t":1264823,"p":"0.00014545","q":"1.67000000","b":25036953,"a":25038390,"T":1649880466019,"m":true,"M":true},{"e":"trade","E":1649880466032,"s":"ALPINEBTC","t":1264824,"p":"0.00014543","q":"2.05000000","b":25037223,"a":25038393,"T":1649880466031,"m":true,"M":true},{"e":"trade","E":1649880466032,"s":"ALPINEBTC","t":1264825,"p":"0.00014542","q":"1.37000000","b":25037222,"a":25038393,"T":1649880466031,"m":true,"M":true},{"e":"trade","E":1649880483443,"s":"ALPINEBTC","t":1264826,"p":"0.00014558","q":"46.00000000","b":25038440,"a":25038361,"T":1649880483442,"m":false,"M":true},{"e":"trade","E":1649880483443,"s":"ALPINEBTC","t":1264827,"p":"0.00014558","q":"5.24000000","b":25038440,"a":25038372,"T":1649880483442,"m":false,"M":true},{"e":"trade","E":1649880483537,"s":"ALPINEBTC","t":1264828,"p":"0.00014558","q":"32.56000000","b":25038441,"a":25038372,"T":1649880483537,"m":false,"M":true},{"e":"trade","E":1649880507667,"s":"ALPINEBTC","t":1264829,"p":"0.00014559","q":"4.17000000","b":25038525,"a":25038359,"T":1649880507666,"m":false,"M":true},{"e":"trade","E":1649880507667,"s":"ALPINEBTC","t":1264830,"p":"0.00014559","q":"47.58000000","b":25038525,"a":25038464,"T":1649880507666,"m":false,"M":true},{"e":"trade","E":1649880507688,"s":"ALPINEBTC","t":1264831,"p":"0.00014559","q":"4.17000000","b":25038528,"a":25038527,"T":1649880507687,"m":false,"M":true},{"e":"trade","E":1649880609578,"s":"ALPINEBTC","t":1264832,"p":"0.00014551","q":"47.58000000","b":25038553,"a":25038669,"T":1649880609578,"m":true,"M":true},{"e":"trade","E":1649880847134,"s":"ALPINEBTC","t":1264833,"p":"0.00014554","q":"46.00000000","b":25039013,"a":25038973,"T":1649880847133,"m":false,"M":true},{"e":"trade","E":1649880847281,"s":"ALPINEBTC","t":1264834,"p":"0.00014569","q":"19.04000000","b":25039022,"a":25038693,"T":1649880847281,"m":false,"M":true},{"e":"trade","E":1649880847288,"s":"ALPINEBTC","t":1264835,"p":"0.00014569","q":"18.73000000","b":25039023,"a":25038693,"T":1649880847287,"m":false,"M":true},{"e":"trade","E":1649880902164,"s":"ALPINEBTC","t":1264836,"p":"0.00014539","q":"47.58000000","b":25039031,"a":25039177,"T":1649880902164,"m":true,"M":true},{"e":"trade","E":1649880964286,"s":"ALPINEBTC","t":1264837,"p":"0.00014565","q":"47.58000000","b":25039257,"a":25039187,"T":1649880964285,"m":false,"M":true},{"e":"trade","E":1649880964296,"s":"ALPINEBTC","t":1264838,"p":"0.00014567","q":"37.77000000","b":25039264,"a":25039196,"T":1649880964296,"m":false,"M":true},{"e":"trade","E":1649880964300,"s":"ALPINEBTC","t":1264839,"p":"0.00014570","q":"4.13000000","b":25039268,"a":25038686,"T":1649880964299,"m":false,"M":true},{"e":"trade","E":1649880964515,"s":"ALPINEBTC","t":1264840,"p":"0.00014570","q":"4.13000000","b":25039291,"a":25039290,"T":1649880964515,"m":false,"M":true},{"e":"trade","E":1649880977668,"s":"ALPINEBTC","t":1264841,"p":"0.00014604","q":"37.68000000","b":25039411,"a":25039353,"T":1649880977667,"m":false,"M":true},{"e":"trade","E":1649880977668,"s":"ALPINEBTC","t":1264842,"p":"0.00014604","q":"24.72000000","b":25039411,"a":25039356,"T":1649880977667,"m":false,"M":true},{"e":"trade","E":1649880999057,"s":"ALPINEBTC","t":1264843,"p":"0.00014618","q":"1.37000000","b":25039489,"a":25038421,"T":1649880999057,"m":false,"M":true},{"e":"trade","E":1649880999057,"s":"ALPINEBTC","t":1264844,"p":"0.00014618","q":"47.58000000","b":25039489,"a":25039436,"T":1649880999057,"m":false,"M":true},{"e":"trade","E":1649881011549,"s":"ALPINEBTC","t":1264845,"p":"0.00014602","q":"34.62000000","b":25039543,"a":25039544,"T":1649881011548,"m":true,"M":true},{"e":"trade","E":1649881011568,"s":"ALPINEBTC","t":1264846,"p":"0.00014601","q":"47.58000000","b":25039523,"a":25039547,"T":1649881011568,"m":true,"M":true},{"e":"trade","E":1649881011568,"s":"ALPINEBTC","t":1264847,"p":"0.00014601","q":"30.78000000","b":25039542,"a":25039547,"T":1649881011568,"m":true,"M":true},{"e":"trade","E":1649881011583,"s":"ALPINEBTC","t":1264848,"p":"0.00014602","q":"34.58000000","b":25039548,"a":25039549,"T":1649881011583,"m":true,"M":true},{"e":"trade","E":1649881024622,"s":"ALPINEBTC","t":1264849,"p":"0.00014619","q":"0.26000000","b":25039606,"a":25039581,"T":1649881024622,"m":false,"M":true},{"e":"trade","E":1649881024626,"s":"ALPINEBTC","t":1264850,"p":"0.00014619","q":"37.38000000","b":25039607,"a":25039581,"T":1649881024625,"m":false,"M":true},{"e":"trade","E":1649881052956,"s":"ALPINEBTC","t":1264851,"p":"0.00014594","q":"47.58000000","b":25039622,"a":25039677,"T":1649881052955,"m":true,"M":true},{"e":"trade","E":1649881054135,"s":"ALPINEBTC","t":1264852,"p":"0.00014588","q":"32.00000000","b":25039642,"a":25039685,"T":1649881054135,"m":true,"M":true},{"e":"trade","E":1649881077681,"s":"ALPINEBTC","t":1264853,"p":"0.00014587","q":"43.31000000","b":25039765,"a":25039761,"T":1649881077676,"m":false,"M":true},{"e":"trade","E":1649881077687,"s":"ALPINEBTC","t":1264854,"p":"0.00014587","q":"2.69000000","b":25039768,"a":25039761,"T":1649881077686,"m":false,"M":true},{"e":"trade","E":1649881105963,"s":"ALPINEBTC","t":1264855,"p":"0.00014576","q":"2.05000000","b":25039569,"a":25039819,"T":1649881105962,"m":true,"M":true},{"e":"trade","E":1649881116469,"s":"ALPINEBTC","t":1264856,"p":"0.00014583","q":"33.29000000","b":25039853,"a":25039847,"T":1649881116468,"m":false,"M":true},{"e":"trade","E":1649881117423,"s":"ALPINEBTC","t":1264857,"p":"0.00014576","q":"53.73000000","b":25039569,"a":25039856,"T":1649881117422,"m":true,"M":true},{"e":"trade","E":1649881117423,"s":"ALPINEBTC","t":1264858,"p":"0.00014576","q":"47.58000000","b":25039697,"a":25039856,"T":1649881117422,"m":true,"M":true},{"e":"trade","E":1649881117423,"s":"ALPINEBTC","t":1264859,"p":"0.00014569","q":"32.00000000","b":25039712,"a":25039857,"T":1649881117423,"m":true,"M":true},{"e":"trade","E":1649881120452,"s":"ALPINEBTC","t":1264860,"p":"0.00014542","q":"1.37000000","b":25039527,"a":25039942,"T":1649881120451,"m":true,"M":true},{"e":"trade","E":1649881120452,"s":"ALPINEBTC","t":1264861,"p":"0.00014533","q":"1.02000000","b":25039926,"a":25039942,"T":1649881120451,"m":true,"M":true},{"e":"trade","E":1649881153697,"s":"ALPINEBTC","t":1264862,"p":"0.00014544","q":"46.00000000","b":25040014,"a":25039998,"T":1649881153696,"m":false,"M":true},{"e":"trade","E":1649881326262,"s":"ALPINEBTC","t":1264863,"p":"0.00014531","q":"47.58000000","b":25039923,"a":25040230,"T":1649881326261,"m":true,"M":true},{"e":"trade","E":1649881326273,"s":"ALPINEBTC","t":1264864,"p":"0.00014529","q":"2.22000000","b":25037089,"a":25040232,"T":1649881326273,"m":true,"M":true},{"e":"trade","E":1649881326290,"s":"ALPINEBTC","t":1264865,"p":"0.00014527","q":"1.66000000","b":25037231,"a":25040235,"T":1649881326289,"m":true,"M":true},{"e":"trade","E":1649881375274,"s":"ALPINEBTC","t":1264866,"p":"0.00014517","q":"1.39000000","b":25037066,"a":25040305,"T":1649881375274,"m":true,"M":true},{"e":"trade","E":1649881465933,"s":"ALPINEBTC","t":1264867,"p":"0.00014539","q":"3.91000000","b":25040422,"a":25040250,"T":1649881465933,"m":false,"M":true},{"e":"trade","E":1649881535384,"s":"ALPINEBTC","t":1264868,"p":"0.00014541","q":"31.44000000","b":25040491,"a":25040490,"T":1649881535383,"m":false,"M":true},{"e":"trade","E":1649881535394,"s":"ALPINEBTC","t":1264869,"p":"0.00014542","q":"46.00000000","b":25040492,"a":25040487,"T":1649881535393,"m":false,"M":true},{"e":"trade","E":1649881627554,"s":"ALPINEBTC","t":1264870,"p":"0.00014523","q":"46.00000000","b":25040567,"a":25040566,"T":1649881627553,"m":false,"M":true},{"e":"trade","E":1649881642027,"s":"ALPINEBTC","t":1264871,"p":"0.00014517","q":"47.58000000","b":25040433,"a":25040591,"T":1649881642027,"m":true,"M":true},{"e":"trade","E":1649881642054,"s":"ALPINEBTC","t":1264872,"p":"0.00014514","q":"1.37000000","b":25037507,"a":25040594,"T":1649881642053,"m":true,"M":true},{"e":"trade","E":1649881642054,"s":"ALPINEBTC","t":1264873,"p":"0.00014513","q":"24.24000000","b":25036950,"a":25040347,"T":1649881642053,"m":true,"M":true},{"e":"trade","E":1649881642054,"s":"ALPINEBTC","t":1264874,"p":"0.00014510","q":"9.58000000","b":25040262,"a":25040347,"T":1649881642053,"m":true,"M":true},{"e":"trade","E":1649881642327,"s":"ALPINEBTC","t":1264875,"p":"0.00014510","q":"12.74000000","b":25040262,"a":25040603,"T":1649881642326,"m":true,"M":true},{"e":"trade","E":1649881649352,"s":"ALPINEBTC","t":1264876,"p":"0.00014515","q":"46.00000000","b":25040654,"a":25040650,"T":1649881649352,"m":false,"M":true},{"e":"trade","E":1649881649365,"s":"ALPINEBTC","t":1264877,"p":"0.00014519","q":"47.58000000","b":25040655,"a":25040637,"T":1649881649365,"m":false,"M":true},{"e":"trade","E":1649881675226,"s":"ALPINEBTC","t":1264878,"p":"0.00014517","q":"16.62000000","b":25040706,"a":25040705,"T":1649881675225,"m":false,"M":true},{"e":"trade","E":1649881715109,"s":"ALPINEBTC","t":1264879,"p":"0.00014509","q":"47.58000000","b":25040675,"a":25040732,"T":1649881715108,"m":true,"M":true},{"e":"trade","E":1649881715170,"s":"ALPINEBTC","t":1264880,"p":"0.00014508","q":"8.29000000","b":25036172,"a":25040735,"T":1649881715170,"m":true,"M":true},{"e":"trade","E":1649881715181,"s":"ALPINEBTC","t":1264881,"p":"0.00014506","q":"32.00000000","b":25040679,"a":25040736,"T":1649881715180,"m":true,"M":true},{"e":"trade","E":1649881744018,"s":"ALPINEBTC","t":1264882,"p":"0.00014497","q":"1.53000000","b":25036040,"a":25040787,"T":1649881744017,"m":true,"M":true},{"e":"trade","E":1649881744079,"s":"ALPINEBTC","t":1264883,"p":"0.00014496","q":"47.58000000","b":25040752,"a":25040791,"T":1649881744079,"m":true,"M":true},{"e":"trade","E":1649881744079,"s":"ALPINEBTC","t":1264884,"p":"0.00014494","q":"2.05000000","b":25036034,"a":25040791,"T":1649881744079,"m":true,"M":true},{"e":"trade","E":1649881744079,"s":"ALPINEBTC","t":1264885,"p":"0.00014494","q":"1.38000000","b":25036043,"a":25040791,"T":1649881744079,"m":true,"M":true},{"e":"trade","E":1649881744079,"s":"ALPINEBTC","t":1264886,"p":"0.00014493","q":"2.48000000","b":25036949,"a":25040791,"T":1649881744079,"m":true,"M":true},{"e":"trade","E":1649881744347,"s":"ALPINEBTC","t":1264887,"p":"0.00014501","q":"46.00000000","b":25040803,"a":25040802,"T":1649881744347,"m":false,"M":true},{"e":"trade","E":1649881744438,"s":"ALPINEBTC","t":1264888,"p":"0.00014500","q":"46.00000000","b":25040812,"a":25040810,"T":1649881744438,"m":false,"M":true},{"e":"trade","E":1649881744503,"s":"ALPINEBTC","t":1264889,"p":"0.00014500","q":"46.00000000","b":25040814,"a":25040813,"T":1649881744502,"m":false,"M":true},{"e":"trade","E":1649881744598,"s":"ALPINEBTC","t":1264890,"p":"0.00014486","q":"32.00000000","b":25040767,"a":25040821,"T":1649881744597,"m":true,"M":true},{"e":"trade","E":1649881744631,"s":"ALPINEBTC","t":1264891,"p":"0.00014484","q":"9.04000000","b":25036166,"a":25040822,"T":1649881744630,"m":true,"M":true},{"e":"trade","E":1649881744631,"s":"ALPINEBTC","t":1264892,"p":"0.00014483","q":"56.85000000","b":25040760,"a":25040822,"T":1649881744630,"m":true,"M":true},{"e":"trade","E":1649881744669,"s":"ALPINEBTC","t":1264893,"p":"0.00014482","q":"0.70000000","b":25040287,"a":25040826,"T":1649881744668,"m":true,"M":true},{"e":"trade","E":1649881744669,"s":"ALPINEBTC","t":1264894,"p":"0.00014482","q":"0.70000000","b":25040287,"a":25040826,"T":1649881744668,"m":true,"M":true},{"e":"trade","E":1649881744669,"s":"ALPINEBTC","t":1264895,"p":"0.00014482","q":"0.70000000","b":25040287,"a":25040826,"T":1649881744668,"m":true,"M":true},{"e":"trade","E":1649881744669,"s":"ALPINEBTC","t":1264896,"p":"0.00014482","q":"0.42000000","b":25040287,"a":25040826,"T":1649881744668,"m":true,"M":true},{"e":"trade","E":1649881744669,"s":"ALPINEBTC","t":1264897,"p":"0.00014481","q":"2.23000000","b":25035951,"a":25040826,"T":1649881744668,"m":true,"M":true},{"e":"trade","E":1649881744669,"s":"ALPINEBTC","t":1264898,"p":"0.00014481","q":"1.77000000","b":25036954,"a":25040826,"T":1649881744668,"m":true,"M":true},{"e":"trade","E":1649881744669,"s":"ALPINEBTC","t":1264899,"p":"0.00014481","q":"31.46000000","b":25040808,"a":25040826,"T":1649881744668,"m":true,"M":true},{"e":"trade","E":1649881744676,"s":"ALPINEBTC","t":1264900,"p":"0.00014481","q":"16.12000000","b":25040808,"a":25040827,"T":1649881744676,"m":true,"M":true},{"e":"trade","E":1649881744786,"s":"ALPINEBTC","t":1264901,"p":"0.00014479","q":"2.38000000","b":25036167,"a":25040833,"T":1649881744786,"m":true,"M":true},{"e":"trade","E":1649881744828,"s":"ALPINEBTC","t":1264902,"p":"0.00014476","q":"1.70000000","b":25036171,"a":25040835,"T":1649881744827,"m":true,"M":true},{"e":"trade","E":1649881747618,"s":"ALPINEBTC","t":1264903,"p":"0.00014483","q":"4.19000000","b":25040887,"a":25040886,"T":1649881747617,"m":false,"M":true},{"e":"trade","E":1649881748016,"s":"ALPINEBTC","t":1264904,"p":"0.00014483","q":"4.19000000","b":25040890,"a":25040888,"T":1649881748015,"m":false,"M":true},{"e":"trade","E":1649881748299,"s":"ALPINEBTC","t":1264905,"p":"0.00014483","q":"3.69000000","b":25040896,"a":25040894,"T":1649881748298,"m":false,"M":true},{"e":"trade","E":1649881751113,"s":"ALPINEBTC","t":1264906,"p":"0.00014482","q":"9.00000000","b":25040916,"a":25040899,"T":1649881751112,"m":false,"M":true},{"e":"trade","E":1649881761429,"s":"ALPINEBTC","t":1264907,"p":"0.00014482","q":"2.56000000","b":25040928,"a":25040899,"T":1649881761429,"m":false,"M":true},{"e":"trade","E":1649881764082,"s":"ALPINEBTC","t":1264908,"p":"0.00014482","q":"17.40000000","b":25040934,"a":25040899,"T":1649881764082,"m":false,"M":true},{"e":"trade","E":1649881764090,"s":"ALPINEBTC","t":1264909,"p":"0.00014482","q":"17.04000000","b":25040935,"a":25040899,"T":1649881764089,"m":false,"M":true},{"e":"trade","E":1649881764090,"s":"ALPINEBTC","t":1264910,"p":"0.00014482","q":"35.43000000","b":25040935,"a":25040900,"T":1649881764089,"m":false,"M":true},{"e":"trade","E":1649881764102,"s":"ALPINEBTC","t":1264911,"p":"0.00014482","q":"2.56000000","b":25040936,"a":25040900,"T":1649881764101,"m":false,"M":true},{"e":"trade","E":1649881764304,"s":"ALPINEBTC","t":1264912,"p":"0.00014483","q":"0.50000000","b":25040938,"a":25040894,"T":1649881764303,"m":false,"M":true},{"e":"trade","E":1649881764304,"s":"ALPINEBTC","t":1264913,"p":"0.00014483","q":"16.41000000","b":25040938,"a":25040898,"T":1649881764303,"m":false,"M":true},{"e":"trade","E":1649881906104,"s":"ALPINEBTC","t":1264914,"p":"0.00014467","q":"47.58000000","b":25040955,"a":25041251,"T":1649881906103,"m":true,"M":true},{"e":"trade","E":1649881906313,"s":"ALPINEBTC","t":1264915,"p":"0.00014462","q":"8.32000000","b":25035950,"a":25041264,"T":1649881906312,"m":true,"M":true},{"e":"trade","E":1649881906313,"s":"ALPINEBTC","t":1264916,"p":"0.00014462","q":"1.67000000","b":25035952,"a":25041264,"T":1649881906312,"m":true,"M":true},{"e":"trade","E":1649881939408,"s":"ALPINEBTC","t":1264917,"p":"0.00014462","q":"0.70000000","b":25041310,"a":25041323,"T":1649881939407,"m":true,"M":true},{"e":"trade","E":1649881939465,"s":"ALPINEBTC","t":1264918,"p":"0.00014459","q":"24.33000000","b":25035956,"a":25041326,"T":1649881939451,"m":true,"M":true},{"e":"trade","E":1649881939465,"s":"ALPINEBTC","t":1264919,"p":"0.00014459","q":"1.40000000","b":25035958,"a":25041326,"T":1649881939451,"m":true,"M":true},{"e":"trade","E":1649881939609,"s":"ALPINEBTC","t":1264920,"p":"0.00014457","q":"19.32000000","b":25037499,"a":25041330,"T":1649881939608,"m":true,"M":true},{"e":"trade","E":1649881960531,"s":"ALPINEBTC","t":1264921,"p":"0.00014454","q":"46.00000000","b":25041347,"a":25041357,"T":1649881960531,"m":true,"M":true},{"e":"trade","E":1649882039736,"s":"ALPINEBTC","t":1264922,"p":"0.00014468","q":"3.46000000","b":25041378,"a":25041356,"T":1649882039736,"m":false,"M":true},{"e":"trade","E":1649882039736,"s":"ALPINEBTC","t":1264923,"p":"0.00014468","q":"1.73000000","b":25041379,"a":25041356,"T":1649882039736,"m":false,"M":true},{"e":"trade","E":1649882039941,"s":"ALPINEBTC","t":1264924,"p":"0.00014468","q":"34.56000000","b":25041381,"a":25041356,"T":1649882039940,"m":false,"M":true},{"e":"trade","E":1649882039963,"s":"ALPINEBTC","t":1264925,"p":"0.00014468","q":"6.25000000","b":25041382,"a":25041356,"T":1649882039962,"m":false,"M":true},{"e":"trade","E":1649882039963,"s":"ALPINEBTC","t":1264926,"p":"0.00014468","q":"16.89000000","b":25041382,"a":25041362,"T":1649882039962,"m":false,"M":true},{"e":"trade","E":1649882039978,"s":"ALPINEBTC","t":1264927,"p":"0.00014469","q":"40.16000000","b":25041385,"a":25041278,"T":1649882039978,"m":false,"M":true},{"e":"trade","E":1649882039983,"s":"ALPINEBTC","t":1264928,"p":"0.00014469","q":"7.42000000","b":25041386,"a":25041278,"T":1649882039982,"m":false,"M":true},{"e":"trade","E":1649882039994,"s":"ALPINEBTC","t":1264929,"p":"0.00014473","q":"16.81000000","b":25041389,"a":25041383,"T":1649882039994,"m":false,"M":true},{"e":"trade","E":1649882040650,"s":"ALPINEBTC","t":1264930,"p":"0.00014485","q":"8.64000000","b":25041406,"a":25041350,"T":1649882040649,"m":false,"M":true},{"e":"trade","E":1649882060287,"s":"ALPINEBTC","t":1264931,"p":"0.00014492","q":"0.96000000","b":25041453,"a":25041451,"T":1649882060287,"m":false,"M":true},{"e":"trade","E":1649882063868,"s":"ALPINEBTC","t":1264932,"p":"0.00014494","q":"4.15000000","b":25041461,"a":25040954,"T":1649882063867,"m":false,"M":true},{"e":"trade","E":1649882063868,"s":"ALPINEBTC","t":1264933,"p":"0.00014494","q":"47.58000000","b":25041461,"a":25041414,"T":1649882063867,"m":false,"M":true},{"e":"trade","E":1649882064183,"s":"ALPINEBTC","t":1264934,"p":"0.00014494","q":"4.15000000","b":25041467,"a":25041466,"T":1649882064182,"m":false,"M":true},{"e":"trade","E":1649882109436,"s":"ALPINEBTC","t":1264935,"p":"0.00014486","q":"46.00000000","b":25041548,"a":25041586,"T":1649882109435,"m":true,"M":true},{"e":"trade","E":1649882210432,"s":"ALPINEBTC","t":1264936,"p":"0.00014473","q":"32.00000000","b":25041498,"a":25041684,"T":1649882210431,"m":true,"M":true},{"e":"trade","E":1649882210432,"s":"ALPINEBTC","t":1264937,"p":"0.00014471","q":"47.58000000","b":25041493,"a":25041684,"T":1649882210431,"m":true,"M":true},{"e":"trade","E":1649882210473,"s":"ALPINEBTC","t":1264938,"p":"0.00014469","q":"59.50000000","b":25041484,"a":25041686,"T":1649882210472,"m":true,"M":true},{"e":"trade","E":1649882210473,"s":"ALPINEBTC","t":1264939,"p":"0.00014468","q":"6.91000000","b":25041429,"a":25041686,"T":1649882210472,"m":true,"M":true},{"e":"trade","E":1649882210725,"s":"ALPINEBTC","t":1264940,"p":"0.00014469","q":"59.50000000","b":25041696,"a":25041697,"T":1649882210724,"m":true,"M":true},{"e":"trade","E":1649882214423,"s":"ALPINEBTC","t":1264941,"p":"0.00014453","q":"2.32000000","b":25037250,"a":25041728,"T":1649882214422,"m":true,"M":true},{"e":"trade","E":1649882214423,"s":"ALPINEBTC","t":1264942,"p":"0.00014452","q":"1.79000000","b":25041698,"a":25041728,"T":1649882214422,"m":true,"M":true},{"e":"trade","E":1649882214766,"s":"ALPINEBTC","t":1264943,"p":"0.00014452","q":"4.11000000","b":25041734,"a":25041733,"T":1649882214765,"m":false,"M":true},{"e":"trade","E":1649882214913,"s":"ALPINEBTC","t":1264944,"p":"0.00014451","q":"8.46000000","b":25041737,"a":25041736,"T":1649882214912,"m":false,"M":true},{"e":"trade","E":1649882214920,"s":"ALPINEBTC","t":1264945,"p":"0.00014451","q":"29.61000000","b":25041739,"a":25041736,"T":1649882214919,"m":false,"M":true},{"e":"trade","E":1649882214920,"s":"ALPINEBTC","t":1264946,"p":"0.00014451","q":"8.46000000","b":25041739,"a":25041738,"T":1649882214919,"m":false,"M":true},{"e":"trade","E":1649882215064,"s":"ALPINEBTC","t":1264947,"p":"0.00014452","q":"4.11000000","b":25041747,"a":25041746,"T":1649882215063,"m":false,"M":true},{"e":"trade","E":1649882215396,"s":"ALPINEBTC","t":1264948,"p":"0.00014452","q":"4.11000000","b":25041751,"a":25041750,"T":1649882215395,"m":false,"M":true},{"e":"trade","E":1649882215680,"s":"ALPINEBTC","t":1264949,"p":"0.00014452","q":"4.11000000","b":25041756,"a":25041755,"T":1649882215679,"m":false,"M":true},{"e":"trade","E":1649882216137,"s":"ALPINEBTC","t":1264950,"p":"0.00014452","q":"4.11000000","b":25041758,"a":25041757,"T":1649882216136,"m":false,"M":true},{"e":"trade","E":1649882235478,"s":"ALPINEBTC","t":1264951,"p":"0.00014466","q":"47.58000000","b":25041798,"a":25041763,"T":1649882235478,"m":false,"M":true},{"e":"trade","E":1649882235478,"s":"ALPINEBTC","t":1264952,"p":"0.00014466","q":"38.03000000","b":25041798,"a":25041782,"T":1649882235478,"m":false,"M":true},{"e":"trade","E":1649882235504,"s":"ALPINEBTC","t":1264953,"p":"0.00014468","q":"8.35000000","b":25041801,"a":25041775,"T":1649882235503,"m":false,"M":true},{"e":"trade","E":1649882238105,"s":"ALPINEBTC","t":1264954,"p":"0.00014481","q":"4.19000000","b":25041848,"a":25041826,"T":1649882238104,"m":false,"M":true},{"e":"trade","E":1649882238105,"s":"ALPINEBTC","t":1264955,"p":"0.00014481","q":"47.58000000","b":25041848,"a":25041831,"T":1649882238104,"m":false,"M":true},{"e":"trade","E":1649882238193,"s":"ALPINEBTC","t":1264956,"p":"0.00014481","q":"4.19000000","b":25041853,"a":25041852,"T":1649882238192,"m":false,"M":true},{"e":"trade","E":1649882316298,"s":"ALPINEBTC","t":1264957,"p":"0.00014463","q":"3.86000000","b":25041913,"a":25042015,"T":1649882316297,"m":true,"M":true},{"e":"trade","E":1649882326993,"s":"ALPINEBTC","t":1264958,"p":"0.00014463","q":"24.28000000","b":25041913,"a":25042021,"T":1649882326993,"m":true,"M":true},{"e":"trade","E":1649882327351,"s":"ALPINEBTC","t":1264959,"p":"0.00014463","q":"3.86000000","b":25041913,"a":25042023,"T":1649882327350,"m":true,"M":true},{"e":"trade","E":1649882372313,"s":"ALPINEBTC","t":1264960,"p":"0.00014466","q":"46.00000000","b":25042053,"a":25042037,"T":1649882372313,"m":false,"M":true},{"e":"trade","E":1649882486467,"s":"ALPINEBTC","t":1264961,"p":"0.00014479","q":"47.58000000","b":25042162,"a":25042024,"T":1649882486467,"m":false,"M":true},{"e":"trade","E":1649882486471,"s":"ALPINEBTC","t":1264962,"p":"0.00014480","q":"16.90000000","b":25042163,"a":25042159,"T":1649882486470,"m":false,"M":true},{"e":"trade","E":1649882870231,"s":"ALPINEBTC","t":1264963,"p":"0.00014480","q":"1.00000000","b":25042589,"a":25042594,"T":1649882870230,"m":true,"M":true},{"e":"trade","E":1649882895249,"s":"ALPINEBTC","t":1264964,"p":"0.00014469","q":"14.28000000","b":25042661,"a":25042657,"T":1649882895249,"m":false,"M":true},{"e":"trade","E":1649882895623,"s":"ALPINEBTC","t":1264965,"p":"0.00014480","q":"26.49000000","b":25042669,"a":25042665,"T":1649882895622,"m":false,"M":true},{"e":"trade","E":1649882907977,"s":"ALPINEBTC","t":1264966,"p":"0.00014469","q":"46.00000000","b":25042671,"a":25042699,"T":1649882907976,"m":true,"M":true},{"e":"trade","E":1649882907977,"s":"ALPINEBTC","t":1264967,"p":"0.00014469","q":"47.58000000","b":25042678,"a":25042699,"T":1649882907976,"m":true,"M":true},{"e":"trade","E":1649882907989,"s":"ALPINEBTC","t":1264968,"p":"0.00014467","q":"46.00000000","b":25042660,"a":25042703,"T":1649882907988,"m":true,"M":true},{"e":"trade","E":1649882908001,"s":"ALPINEBTC","t":1264969,"p":"0.00014466","q":"32.00000000","b":25042184,"a":25042705,"T":1649882908001,"m":true,"M":true},{"e":"trade","E":1649882926713,"s":"ALPINEBTC","t":1264970,"p":"0.00014477","q":"47.58000000","b":25042763,"a":25042719,"T":1649882926712,"m":false,"M":true},{"e":"trade","E":1649882926718,"s":"ALPINEBTC","t":1264971,"p":"0.00014480","q":"16.93000000","b":25042808,"a":25042755,"T":1649882926717,"m":false,"M":true},{"e":"trade","E":1649882926718,"s":"ALPINEBTC","t":1264972,"p":"0.00014485","q":"37.99000000","b":25042808,"a":25042743,"T":1649882926717,"m":false,"M":true},{"e":"trade","E":1649882926718,"s":"ALPINEBTC","t":1264973,"p":"0.00014486","q":"4.13000000","b":25042808,"a":25042736,"T":1649882926717,"m":false,"M":true},{"e":"trade","E":1649882926718,"s":"ALPINEBTC","t":1264974,"p":"0.00014503","q":"22.13000000","b":25042808,"a":25042652,"T":1649882926717,"m":false,"M":true},{"e":"trade","E":1649882926718,"s":"ALPINEBTC","t":1264975,"p":"0.00014507","q":"659.44000000","b":25042808,"a":25042758,"T":1649882926717,"m":false,"M":true},{"e":"trade","E":1649882926718,"s":"ALPINEBTC","t":1264976,"p":"0.00014508","q":"127.03000000","b":25042808,"a":25042727,"T":1649882926717,"m":false,"M":true},{"e":"trade","E":1649882926759,"s":"ALPINEBTC","t":1264977,"p":"0.00014525","q":"134.04000000","b":25042905,"a":25042903,"T":1649882926759,"m":false,"M":true},{"e":"trade","E":1649882926762,"s":"ALPINEBTC","t":1264978,"p":"0.00014525","q":"129.78000000","b":25042906,"a":25042904,"T":1649882926761,"m":false,"M":true},{"e":"trade","E":1649882926765,"s":"ALPINEBTC","t":1264979,"p":"0.00014517","q":"16.79000000","b":25042909,"a":25042907,"T":1649882926765,"m":false,"M":true},{"e":"trade","E":1649882926766,"s":"ALPINEBTC","t":1264980,"p":"0.00014517","q":"5.34000000","b":25042910,"a":25042907,"T":1649882926765,"m":false,"M":true},{"e":"trade","E":1649882926766,"s":"ALPINEBTC","t":1264981,"p":"0.00014525","q":"39.54000000","b":25042910,"a":25042904,"T":1649882926765,"m":false,"M":true},{"e":"trade","E":1649882926769,"s":"ALPINEBTC","t":1264982,"p":"0.00014530","q":"1.40000000","b":25042913,"a":25042725,"T":1649882926769,"m":false,"M":true},{"e":"trade","E":1649882926773,"s":"ALPINEBTC","t":1264983,"p":"0.00014530","q":"142.93000000","b":25042917,"a":25042725,"T":1649882926773,"m":false,"M":true},{"e":"trade","E":1649882926773,"s":"ALPINEBTC","t":1264984,"p":"0.00014537","q":"8.32000000","b":25042917,"a":25041292,"T":1649882926773,"m":false,"M":true},{"e":"trade","E":1649882926773,"s":"ALPINEBTC","t":1264985,"p":"0.00014541","q":"24.33000000","b":25042917,"a":25041337,"T":1649882926773,"m":false,"M":true},{"e":"trade","E":1649882926830,"s":"ALPINEBTC","t":1264986,"p":"0.00014545","q":"1.40000000","b":25042939,"a":25041340,"T":1649882926830,"m":false,"M":true},{"e":"trade","E":1649882927660,"s":"ALPINEBTC","t":1264987,"p":"0.00014554","q":"25.22000000","b":25043027,"a":25043030,"T":1649882927659,"m":true,"M":true},{"e":"trade","E":1649882927671,"s":"ALPINEBTC","t":1264988,"p":"0.00014555","q":"46.00000000","b":25043031,"a":25043033,"T":1649882927670,"m":true,"M":true},{"e":"trade","E":1649882927685,"s":"ALPINEBTC","t":1264989,"p":"0.00014554","q":"26.60000000","b":25043035,"a":25043036,"T":1649882927684,"m":true,"M":true},{"e":"trade","E":1649882927692,"s":"ALPINEBTC","t":1264990,"p":"0.00014554","q":"19.40000000","b":25043035,"a":25043037,"T":1649882927691,"m":true,"M":true},{"e":"trade","E":1649882927703,"s":"ALPINEBTC","t":1264991,"p":"0.00014555","q":"24.87000000","b":25043038,"a":25043039,"T":1649882927702,"m":true,"M":true},{"e":"trade","E":1649882927708,"s":"ALPINEBTC","t":1264992,"p":"0.00014556","q":"1.67000000","b":25043042,"a":25041288,"T":1649882927707,"m":false,"M":true},{"e":"trade","E":1649882927708,"s":"ALPINEBTC","t":1264993,"p":"0.00014556","q":"47.58000000","b":25043042,"a":25043029,"T":1649882927707,"m":false,"M":true},{"e":"trade","E":1649882927712,"s":"ALPINEBTC","t":1264994,"p":"0.00014555","q":"19.40000000","b":25043041,"a":25043043,"T":1649882927711,"m":true,"M":true},{"e":"trade","E":1649882927713,"s":"ALPINEBTC","t":1264995,"p":"0.00014555","q":"26.60000000","b":25043041,"a":25043044,"T":1649882927712,"m":true,"M":true},{"e":"trade","E":1649882927733,"s":"ALPINEBTC","t":1264996,"p":"0.00014554","q":"24.90000000","b":25043049,"a":25043052,"T":1649882927732,"m":true,"M":true},{"e":"trade","E":1649882927766,"s":"ALPINEBTC","t":1264997,"p":"0.00014555","q":"26.60000000","b":25043056,"a":25043057,"T":1649882927765,"m":true,"M":true},{"e":"trade","E":1649882927766,"s":"ALPINEBTC","t":1264998,"p":"0.00014554","q":"21.10000000","b":25043049,"a":25043057,"T":1649882927765,"m":true,"M":true},{"e":"trade","E":1649882927766,"s":"ALPINEBTC","t":1264999,"p":"0.00014554","q":"142.72000000","b":25043050,"a":25043057,"T":1649882927765,"m":true,"M":true},{"e":"trade","E":1649882927774,"s":"ALPINEBTC","t":1265000,"p":"0.00014554","q":"26.60000000","b":25043050,"a":25043058,"T":1649882927774,"m":true,"M":true},{"e":"trade","E":1649882927793,"s":"ALPINEBTC","t":1265001,"p":"0.00014555","q":"46.00000000","b":25043060,"a":25043061,"T":1649882927792,"m":true,"M":true},{"e":"trade","E":1649882928470,"s":"ALPINEBTC","t":1265002,"p":"0.00014522","q":"32.26000000","b":25043088,"a":25043110,"T":1649882928469,"m":true,"M":true},{"e":"trade","E":1649882928726,"s":"ALPINEBTC","t":1265003,"p":"0.00014522","q":"13.74000000","b":25043088,"a":25043128,"T":1649882928725,"m":true,"M":true},{"e":"trade","E":1649882929524,"s":"ALPINEBTC","t":1265004,"p":"0.00014500","q":"42.78000000","b":25043139,"a":25043180,"T":1649882929523,"m":true,"M":true},{"e":"trade","E":1649882929535,"s":"ALPINEBTC","t":1265005,"p":"0.00014500","q":"3.22000000","b":25043139,"a":25043181,"T":1649882929534,"m":true,"M":true},{"e":"trade","E":1649882929535,"s":"ALPINEBTC","t":1265006,"p":"0.00014500","q":"4.80000000","b":25043175,"a":25043181,"T":1649882929534,"m":true,"M":true},{"e":"trade","E":1649882929900,"s":"ALPINEBTC","t":1265007,"p":"0.00014489","q":"46.00000000","b":25043205,"a":25043212,"T":1649882929899,"m":true,"M":true},{"e":"trade","E":1649882930265,"s":"ALPINEBTC","t":1265008,"p":"0.00014503","q":"46.00000000","b":25043227,"a":25043216,"T":1649882930264,"m":false,"M":true},{"e":"trade","E":1649882930265,"s":"ALPINEBTC","t":1265009,"p":"0.00014504","q":"7.93000000","b":25043227,"a":25043214,"T":1649882930264,"m":false,"M":true},{"e":"trade","E":1649882930287,"s":"ALPINEBTC","t":1265010,"p":"0.00014504","q":"1.60000000","b":25043229,"a":25043214,"T":1649882930286,"m":false,"M":true},{"e":"trade","E":1649882930573,"s":"ALPINEBTC","t":1265011,"p":"0.00014533","q":"16.93000000","b":25043263,"a":25043262,"T":1649882930572,"m":false,"M":true},{"e":"trade","E":1649882930573,"s":"ALPINEBTC","t":1265012,"p":"0.00014534","q":"37.00000000","b":25043263,"a":25043258,"T":1649882930572,"m":false,"M":true},{"e":"trade","E":1649882931017,"s":"ALPINEBTC","t":1265013,"p":"0.00014521","q":"46.00000000","b":25043285,"a":25043281,"T":1649882931017,"m":false,"M":true},{"e":"trade","E":1649882931017,"s":"ALPINEBTC","t":1265014,"p":"0.00014521","q":"26.98000000","b":25043285,"a":25043282,"T":1649882931017,"m":false,"M":true},{"e":"trade","E":1649882931193,"s":"ALPINEBTC","t":1265015,"p":"0.00014521","q":"32.00000000","b":25043286,"a":25043289,"T":1649882931192,"m":true,"M":true},{"e":"trade","E":1649882941322,"s":"ALPINEBTC","t":1265016,"p":"0.00014504","q":"46.00000000","b":25043320,"a":25043334,"T":1649882941321,"m":true,"M":true},{"e":"trade","E":1649882953753,"s":"ALPINEBTC","t":1265017,"p":"0.00014505","q":"46.00000000","b":25043358,"a":25043372,"T":1649882953751,"m":true,"M":true},{"e":"trade","E":1649882954358,"s":"ALPINEBTC","t":1265018,"p":"0.00014501","q":"46.00000000","b":25043373,"a":25043376,"T":1649882954358,"m":true,"M":true},{"e":"trade","E":1649882957426,"s":"ALPINEBTC","t":1265019,"p":"0.00014498","q":"47.58000000","b":25043307,"a":25043382,"T":1649882957426,"m":true,"M":true},{"e":"trade","E":1649882957459,"s":"ALPINEBTC","t":1265020,"p":"0.00014491","q":"32.00000000","b":25043327,"a":25043385,"T":1649882957459,"m":true,"M":true},{"e":"trade","E":1649882957530,"s":"ALPINEBTC","t":1265021,"p":"0.00014492","q":"29.50000000","b":25043386,"a":25043388,"T":1649882957530,"m":true,"M":true},{"e":"trade","E":1649882968623,"s":"ALPINEBTC","t":1265022,"p":"0.00014481","q":"47.58000000","b":25043406,"a":25043467,"T":1649882968622,"m":true,"M":true},{"e":"trade","E":1649882969099,"s":"ALPINEBTC","t":1265023,"p":"0.00014492","q":"1.35000000","b":25043472,"a":25043464,"T":1649882969098,"m":false,"M":true},{"e":"trade","E":1649883026745,"s":"ALPINEBTC","t":1265024,"p":"0.00014490","q":"32.00000000","b":25043579,"a":25043531,"T":1649883026744,"m":false,"M":true},{"e":"trade","E":1649883026746,"s":"ALPINEBTC","t":1265025,"p":"0.00014490","q":"14.00000000","b":25043580,"a":25043531,"T":1649883026745,"m":false,"M":true},{"e":"trade","E":1649883026767,"s":"ALPINEBTC","t":1265026,"p":"0.00014492","q":"47.58000000","b":25043583,"a":25043474,"T":1649883026766,"m":false,"M":true},{"e":"trade","E":1649883046421,"s":"ALPINEBTC","t":1265027,"p":"0.00014478","q":"28.63000000","b":25043644,"a":25043645,"T":1649883046421,"m":true,"M":true},{"e":"trade","E":1649883046421,"s":"ALPINEBTC","t":1265028,"p":"0.00014477","q":"108.14000000","b":25043643,"a":25043645,"T":1649883046421,"m":true,"M":true},{"e":"trade","E":1649883074707,"s":"ALPINEBTC","t":1265029,"p":"0.00014476","q":"47.58000000","b":25043617,"a":25043691,"T":1649883074706,"m":true,"M":true},{"e":"trade","E":1649883074714,"s":"ALPINEBTC","t":1265030,"p":"0.00014474","q":"25.94000000","b":25043687,"a":25043694,"T":1649883074714,"m":true,"M":true},{"e":"trade","E":1649883074716,"s":"ALPINEBTC","t":1265031,"p":"0.00014472","q":"0.70000000","b":25043558,"a":25043695,"T":1649883074716,"m":true,"M":true},{"e":"trade","E":1649883074716,"s":"ALPINEBTC","t":1265032,"p":"0.00014472","q":"32.00000000","b":25043630,"a":25043695,"T":1649883074716,"m":true,"M":true},{"e":"trade","E":1649883074732,"s":"ALPINEBTC","t":1265033,"p":"0.00014472","q":"0.70000000","b":25043558,"a":25043696,"T":1649883074731,"m":true,"M":true}